3684 5217
822 493 1029 555 -30-

633 669 1214 891 mmmfflmi

336 954 586 1021 habentium:
611 955 746 1030 Quinam
771 956 831 1017 viri
851 955 933 1017 docti
952 955 1054 1016 adhuc
1073 956 1195 1037 egerint
1216 955 1255 1016 de
1274 960 1421 1036 tempore,
1445 971 1508 1035 quo

429 1044 596 1107 Vitruvius
620 1046 753 1126 scripsit,
777 1051 949 1106 enarratur.
995 1065 1023 1127 p.
1050 1045 1144 1106 1-9.

338 1166 452 1253 Caput
474 1169 650 1254 primum:
675 1167 722 1231 De
746 1174 893 1251 tempore,
917 1188 982 1251 quo
1006 1168 1175 1231 Vitruvius
1197 1170 1266 1251 ipse
1289 1188 1324 1230 se
1346 1168 1510 1249 scripsisse

427 1276 551 1357 indicat,
575 1277 753 1339 accuratius
777 1276 1073 1338 circumscribendo.
1121 1296 1148 1358 p.
1177 1277 1313 1338 10-18,

338 1398 452 1484 Caput
475 1400 689 1466 secundum:
720 1399 767 1462 De
791 1400 886 1465 rebus
909 1400 1111 1483 quibusdam,
1142 1421 1221 1483 quas
1243 1400 1414 1463 Vitruvius
1437 1410 1510 1461 ante

426 1527 544 1570 annum
571 1509 611 1569 31
637 1509 797 1590 scripserit
819 1526 948 1569 necesse
972 1514 1027 1570 est.
1074 1528 1101 1589 p.
1128 1508 1266 1570 18-25.

338 1630 452 1715 Caput
474 1633 641 1698 tertium:
675 1632 723 1695 De
752 1633 846 1695 rebus
877 1632 1044 1714 ambiguis,
1074 1652 1155 1715 quae
1184 1641 1258 1695 ante
1281 1652 1307 1694 a.
1333 1634 1372 1695 31
1398 1634 1451 1710 sio,
1475 1638 1511 1693 ut

427 1740 556 1802 traditas
580 1758 632 1802 eas
656 1740 800 1822 legimus.
824 1740 958 1821 scriptae
981 1758 1050 1801 esse
1072 1747 1212 1821 possunt.
1260 1760 1288 1822 p.
1313 1739 1453 1801 25-64.

497 1845 590 1908 Pars
613 1847 745 1929 prima:
770 1844 818 1909 De
841 1846 974 1908 aedibus
997 1848 1103 1909 sacris
1152 1867 1179 1929 p.
1204 1847 1344 1909 25-33.

497 1953 590 2015 Pars
615 1955 750 2016 altera:
775 1952 823 2015 De
845 1954 978 2035 reliquis
1001 1953 1161 2016 aedificiis.
1208 1975 1236 2037 p.
1262 1954 1402 2016 33-44.

497 2059 590 2123 Pars
613 2062 742 2123 tertia:
777 2057 825 2123 De
853 2060 949 2122 rebus
981 2060 1022 2123 ad
1053 2061 1215 2123 historiam
1248 2068 1279 2123 et
1309 2061 1512 2143 antiquitates

551 2166 791 2249 pertinentibus.
836 2186 865 2248 p.
890 2168 1030 2230 44-64.

338 2289 453 2375 Caput
476 2293 662 2375 quartum:
697 2290 744 2353 De
777 2292 822 2353 eis
856 2310 938 2374 quae
968 2299 1040 2376 post
1069 2311 1189 2355 annum
1224 2294 1264 2355 31
1299 2293 1416 2375 scripta
1447 2294 1512 2355 sint

428 2418 556 2461 necesse
580 2407 636 2462 est.
681 2421 709 2483 p.
735 2400 874 2463 64-19.

433 2594 1421 2823 Μωωωωᾞωωηωι

339 2876 468 2929 Aedificia
485 2877 598 2950 privata:
618 2879 665 2943 403
684 2878 803 2943 55-603
822 2877 937 2931 63-68.

339 2948 457 3001 Aediles:
478 2949 524 3010 ou
545 2948 586 3001 62.

339 3021 468 3086 Agrippa:
490 3022 535 3085 1ῖ;
554 3020 589 3073 38
607 3036 645 3087 sq.
684 3020 730 3085 523
751 3020 785 3073 78
804 3036 842 3087 sq.

339 3090 468 3143 Alciatus:
491 3092 530 3152 16,
550 3107 575 3143 n.
597 3092 638 3145 13.

340 3161 460 3215 Altinum
480 3162 665 3228 municipium:
685 3162 728 3220 44,

341 3234 463 3286 Ambitus
481 3233 671 3285 aedificiorum:
691 3234 733 3299 64,
753 3249 779 3289 n,
798 3232 828 3299 23
847 3234 890 3287 65.

341 3304 555 3372 Amphitheatre:
574 3305 609 3357 36
628 3320 671 3371 sq:
690 3305 732 3359 56.

341 3380 450 3429 Ancona
467 3375 654 3442 municipium:
674 3377 716 3427 tt.

341 3448 484 3516 Apaturius
504 3446 677 3499 Alabandius:
696 3448 738 3500 43.

341 3520 538 3586 Aquaeduotus:
559 3518 593 3570 38
612 3535 650 3587 sq.

340 3589 463 3657 Aquileia
480 3588 665 3656 mimicipimn:
685 3591 728 3642 44.

341 3660 487 3714 Arbitrium
506 3661 686 3712 communimn
706 3660 848 3728 parietum:
868 3662 903 3717 60
921 3677 959 3729 sq.

343 3732 486 3785 Architecti
506 3732 629 3783 Romami:
649 3734 692 3785 54.

342 3806 427 3856 Arous
446 3803 558 3870 Augusti
576 3818 644 3855 anno
663 3819 686 3855 a.
706 3803 768 3858 Chr.
787 3802 822 3855 24
842 3808 977 3872 Augustae
996 3804 1145 3858 Praetoriae
1164 3811 1327 3858 exstructam:
1348 3808 1390 3861 tt.

341 3874 430 3998 ,ὲῇῗίὓὶ
448 3874 489 3997 de}3
500 3875 564 3927 aede
582 3874 653 3927 iovis
673 3880 701 3927 et
719 3875 802 3927 Fauni
820 3877 951 3928 sententia
969 3875 1143 3944 improbatur:
1161 3876 1205 3928 Ξῖ.

409 3962 453 3998 ns:
492 3988 497 3999 .

341 4016 452 4069 Balnea:
473 4018 506 4069 3?
526 4034 568 4083 sq:
588 4015 631 4071 52.

343 4087 535 4140 Balneaticum:
555 4087 598 4141 52.
617 4104 643 4141 n.
665 4088 724 4141 157.

342 4158 514 4211 Basilicamrn
534 4160 614 4219 situs;
633 4158 741 4211 basilica
759 4158 826 4211 Iulia
844 4159 982 4226 Aquiliana
996 4162 1060 4227 1311.
1080 4193 1113 4200 -
1132 4161 1248 4214 tribunal
1266 4160 1388 4214 basilicae
1406 4161 1513 4213 adiunc-

450 4236 506 4281 tum
526 4232 645 4371 (3511)-
666 4229 772 4285 basilica
789 4229 923 4284 Fanesuis
942 4235 977 4300 (p.
992 4234 1017 4289 6.
1038 4232 1081 4301 ῙΟ)
1100 4234 1170 4285 circa
1188 4250 1287 4285 aunum
1300 4249 1324 4285 a.
1339 4232 1401 4287 Chr.
1412 4231 1449 4285 24
1467 4249 1514 4284 ex-

450 4308 549 4355 structa
567 4304 593 4369 ti
625 4342 631 4353 .
