3684 5217
394 750 490 813 prava
508 730 675 813 proferret3
700 736 796 811 atque
816 729 977 808 Goetlrius,
1002 730 1058 812 qni
1077 729 1260 792 Vitruvium
1280 748 1406 812 semper
1423 732 1566 795 coluerat

393 843 423 900 61
447 856 560 921 magno
584 856 656 899 cum
677 837 782 899 studio
801 837 982 918 perlegerat,
1006 856 1071 901 non
1090 836 1320 918 neglegendam
1339 836 1421 899 hanc
1439 844 1565 901 senten-

392 946 467 1007 tiam
491 944 592 1007 duxit.
639 942 753 1026 Neque
777 964 851 1006 vero
876 945 1058 1007 coniectura
1080 945 1161 1019 talis,
1192 943 1319 1025 qualem
1343 943 1566 1009 Schultzius

391 1051 676 1124 commendaverat,
700 1062 783 1113 stare
807 1052 917 1132 potuit,
946 1070 1019 1112 cum
1044 1049 1182 1112 Vitruvii
1207 1053 1308 1113 codex
1331 1070 1416 1114 nono
1439 1052 1566 1115 saeculo

392 1160 646 1239 manuscriptus
669 1162 822 1235 exstaret3
858 1176 955 1239 quare
986 1158 1095 1219 filius
1128 1158 1223 1236 eius,
1256 1177 1328 1219 eum
1363 1178 1444 1221 auno
1480 1160 1565 1222 1856

392 1265 520 1342 librum,
544 1282 640 1345 quem
663 1271 750 1345 pater
774 1265 813 1326 de
837 1266 895 1327 hae
919 1282 954 1326 re
977 1264 1188 1343 incohaverat,
1211 1265 1430 1346 imperfectum
1450 1265 1567 1346 ederet,

394 1373 582 1435 sententiam
613 1372 681 1433 eius
710 1372 752 1433 ita
782 1371 925 1451 mutavit,
957 1378 992 1433 ut
1023 1371 1119 1433 libros
1150 1370 1189 1434 de
1219 1372 1428 1435 architectura
1453 1382 1565 1454 quarto

397 1498 426 1559 p.
446 1475 515 1539 Chr.
534 1480 661 1539 saeculo
679 1479 810 1560 scriptos
829 1496 898 1540 esse
917 1479 1043 1541 diceret.
1085 1476 1176 1552 Quod
1196 1479 1381 1561 paradoxon
1401 1480 1461 1541 viri
1480 1479 1564 1543 docti

399 1584 523 1645 silentio
554 1586 744 1647 transierunt
766 1594 862 1667 atque
885 1604 926 1647 ne
954 1586 1144 1666 redarguere
1174 1585 1303 1667 quidem
1333 1586 1454 1667 dignati
1481 1595 1564 1649 sunt.

487 1690 535 1753 Ne
550 1690 628 1753 illud
647 1691 774 1772 quidem
791 1692 936 1774 plerique
953 1701 1170 1773 respexerunt,
1196 1693 1281 1775 quod
1298 1694 1347 1755 vir
1364 1692 1566 1756 doctissimus

397 1796 669 1877 carantanae)
696 1799 771 1880 quia
796 1798 963 1861 Vitruvius
987 1818 1110 1881 semper
1132 1802 1261 1862 nomine
1290 1801 1489 1882 imperatoris
1514 1802 1565 1864 vel

395 1902 544 1982 Caesaris,
576 1923 740 1986 nunquam
767 1906 903 1988 Augusti
937 1906 1044 1986 utitur,
1072 1908 1231 1969 conclusit
1254 1906 1439 1970 Vitruvium
1468 1907 1566 1970 libros

393 2030 467 2073 suos
494 2012 716 2093 composuisse,
747 2018 916 2093 antequam
947 2010 1121 2075 Octaviano
1149 2016 1289 2096 Augusti
1312 2032 1487 2095 cognomen
1512 2015 1565 2077 de·

391 2118 538 2195 ferretur,
568 2118 652 2199 quod
676 2119 794 2181 factum
818 2124 867 2182 est
889 2141 916 2183 a.
940 2121 968 2184 d.
992 2119 1109 2183 XVIII
1132 2120 1200 2183 Kal.
1225 2119 1314 2184 Febr.
1338 2122 1414 2182 anui
1443 2142 1468 2183 a.
1494 2119 1564 2184 Clu.

393 2225 443 2287 27.
490 2222 551 2287 Sed
581 2225 662 2307 fugit
693 2243 765 2287 eum
799 2246 913 2289 nornen
943 2228 1082 2309 Augusti
1112 2226 1301 2290 aVitruvio
1325 2228 1564 2290 commemorari

391 2332 431 2414 (p.
459 2332 528 2411 197,
561 2331 692 2393 3=V
719 2334 745 2410 1,
779 2334 867 2412 itm)
900 2333 985 2395 unde
1018 2333 1270 2397 llommsenus
1301 2332 1396 2410 (Mon.
1427 2338 1506 2396 Ano.
1535 2354 1563 2415 p.

393 2439 454 2514 81),
479 2439 534 2519 qui
553 2439 743 2501 sententiam
764 2439 850 2501 illam
871 2438 1157 2502 Lachmannianam
1182 2442 1214 2502 in
1240 2441 1426 2503 universum
1445 2440 1565 2523 probat,

394 2544 507 2606 librum
537 2546 685 2628 quintum
713 2551 784 2628 post
812 2549 851 2608 27
887 2547 1008 2610 editum
1042 2566 1109 2609 esse
1137 2548 1271 2629 collegit.
1322 2546 1496 2626 Praeterea,
1530 2555 1565 2611 ut

396 2650 452 2713 hoo
474 2654 579 2713 statim
605 2651 726 2732 addam,
757 2651 789 2716 L.
809 2652 1131 2729 Friedraanuerra
1155 2662 1240 2715 recte
1263 2652 1444 2717 observavit
1467 2656 1564 2737 scrip-

394 2762 475 2821 tores
504 2760 720 2840 imperatorem
753 2759 949 2841 alloquentes
981 2760 1079 2822 multo
1110 2761 1235 2843 saepius
1264 2760 1393 2823 nomine
1423 2758 1566 2824 Caesaris

393 2864 440 2927 vel
466 2866 664 2947 imperatoris
688 2885 783 2947 quam
810 2868 947 2948 Augusti
973 2886 1047 2929 usos
1071 2886 1145 2929 esse.

480 2971 556 3033 Post
579 2971 652 3033 illos
677 2972 819 3054 quaestio
845 2974 958 3034 iterum
983 2975 1082 3056 sopita
1102 2993 1170 3036 esse
1189 2973 1364 3036 videbatur.
1410 2973 1469 3037 Sed
1489 2994 1564 3037 cum

391 3078 485 3140 etiam
517 3079 551 3139 in
584 3079 761 3142 litterarum
798 3079 914 3142 studiis
947 3080 1025 3142 nihil
1059 3087 1121 3143 tam
1155 3080 1326 3143 absurdum
1359 3086 1390 3144 et
1421 3083 1563 3165 Ineptum

391 3190 556 3264 statuatur,
589 3186 668 3268 quin
700 3185 880 3249 laudatores
913 3193 945 3249 61
976 3206 1147 3269 praecones
1179 3189 1329 3268 inveniat,
1362 3208 1445 3251 anno
1479 3189 1564 3251 1896

390 3290 645 3374 Ussingius23)
670 3290 824 3355 Schultzii
848 3294 1062 3356 coniecturam
1086 3296 1190 3357 denuo
1214 3295 1447 3358 commendavit
1469 3301 1565 3378 atque

390 3400 483 3462 novis
512 3401 705 3481 argumentis
736 3400 868 3482 probare
898 3401 1028 3464 studuit.
1080 3400 1193 3483 Itaque
1222 3421 1295 3464 cum
1327 3400 1561 3464 Schultziorum

479 3574 524 3638 20)
543 3575 636 3627 erein.
660 3574 729 3627 Mus.
755 3574 794 3629 VI
820 3575 888 3629 1839
910 3592 935 3643 p.
963 3577 1013 3630 107
1033 3601 1067 3621 ==
1086 3577 1228 3644 „Kleinere
1253 3576 1388 3629 Schriften
1413 3593 1461 3628 zur
1485 3573 1563 3627 lilass.

391 3644 503 3700 Philol.“
529 3644 622 3706 ,Berlin
641 3646 718 3705 1876,
746 3645 762 3697 2
777 3663 802 3713 p,
820 3648 877 3701 164.
892 3649 924 3700 61.
941 3649 1143 3716 prosopograph.
1156 3650 1219 3717 imp.
1234 3648 1309 3701 Rom.
1328 3647 1371 3699 HI
1389 3646 1442 3701 526
1461 3663 1485 3713 p.
1499 3648 1562 3699 457.

478 3716 523 3786 21)
543 3716 574 3771 In
599 3718 756 3771 testimoniis
782 3719 946 3772 Vitruvianis
970 3719 1110 3772 afferendis
1136 3735 1233 3787 sequor
1260 3719 1401 3771 editionem
1427 3717 1561 3782 rnaiorem,
1646 3768 1654 3783 ,

391 3803 469 3855 quam
487 3792 646 3842 curaverunt
665 3789 759 3842 Rosius
778 3794 805 3843 61
822 3789 1100 3859 Miiller-Striibingius
1122 3806 1191 3843 anno
1211 3791 1289 3856 1867,
1312 3788 1389 3841 cuius
1406 3789 1516 3856 paginae
1534 3788 1564 3839 in

391 3858 504 3913 editione
522 3860 623 3913 minore
642 3860 714 3913 Bosii
731 3861 912 3915 Teubneriana
930 3862 1022 3929 (1899)
1040 3861 1187 3929 adscriptae
1205 3866 1276 3913 sunt.

478 3930 524 3998 22)
543 3931 713 3999 Sittengesch.
733 3930 775 3985 111
792 3948 818 3997 p.
837 3932 898 3986 509.

478 4002 523 4069 23)
542 4002 743 4071 Betragtninger
767 4018 831 4054 over
849 4003 964 4055 Vitruvii
982 4005 1015 4057 de
1033 4004 1209 4057 architectura
1232 4000 1292 4053 libri
1310 4000 1410 4054 decem.
1447 4001 1480 4057 D.
1499 4001 1560 4071 Kgl.

390 4072 494 4127 Danslre
509 4073 632 4126 Videnslr.
670 4072 862 4127 8616118116.
900 4074 1004 4126 Raelrlre
1017 4076 1079 4128 hist.
1098 4091 1131 4142 og
1148 4074 1214 4127 filos.
1251 4072 1310 4127 Aid.
1325 4071 1363 4124 IV
1379 4074 1403 4125 3.
1441 4073 1564 4127 Hauniae

391 4143 468 4199 1896.
505 4144 554 4199 eui
572 4143 638 4199 libro
662 4145 782 4197 adiunxii
804 4144 976 4197 summarium
1000 4145 1205 4212 „Observations
1230 4159 1277 4196 sur
1295 4143 1408 4197 Vitruve
1427 4151 1454 4197 et
1472 4161 1520 4198 sur
1537 4145 1563 4197 le

390 4218 484 4284 temps,
505 4232 540 4269 ou
558 4219 622 4284 peut
639 4216 712 4269 avoir
730 4214 771 4268 616
789 4214 854 4268 66111
872 4214 1005 4283 l'ouvrage
1024 4217 1069 4282 qui
1087 4221 1163 4283 porte
1181 4231 1213 4268 ce
1229 4216 1317 4267 11116.“
1352 4215 1413 4268 Iam
1432 4219 1511 4269 antea
1528 4217 1562 4269 de

390 4286 439 4339 hac
457 4303 486 4340 re
500 4287 640 4355 Ussingius
659 4287 762 4340 videtur
781 4287 864 4354 egisse
883 4286 909 4339 iu
929 4285 994 4339 libro
1014 4302 1073 4352 „orn
1088 4286 1252 4340 Graelrernes
1265 4302 1299 4354 og
1310 4286 1455 4341 Romernes
1469 4289 1561 4340 Huse“

390 4357 511 4412 Hauniae
535 4358 604 4413 1876
626 4376 651 4427 p.
671 4359 700 4425 33
725 4372 803 4426 quem
822 4360 926 4410 tantum
948 4374 982 4411 ex
1000 4356 1120 4409 Teuffelii
1138 4358 1305 4413 adnotatione
1323 4358 1349 4428 (8
1367 4358 1471 4428 264,1)
1490 4359 1562 4413 novi.
