3684 5217
826 512 1037 574 ,67-

433 687 556 752 Deinde
575 707 651 752 vero
672 689 802 752 minime
820 706 933 752 verum
953 696 1000 751 est
1022 689 1140 773 ,legd‘
1164 689 1237 752 talia
1255 694 1423 771 praecepta
1445 689 1518 753 data

339 813 413 857 esse
432 794 538 876 qualia
557 796 666 858 statuit
684 795 841 878 Voigtius.
888 793 967 869 Quis
991 797 1075 858 enim
1100 796 1179 859 dicit
1200 797 1258 859 hac
1276 796 1381 878 „leget
1399 796 1519 878 pariete

222 961 225 967 .
339 902 511 984 diplinthio
543 902 595 965 vel
627 903 811 985 triplintbio,
845 903 964 966 nedum
997 904 1161 967 communi
1192 905 1240 965 uti
1263 904 1395 965 vetitum
1428 903 1518 965 esse?

342 1008 511 1071 Vitruvius
543 1008 625 1071 nihil
656 1010 741 1073 aliud
775 1008 911 1072 affirmat
942 1010 1003 1073 nisi
1025 1010 1182 1073 latericios
1215 1010 1360 1092 parietes,
1392 1010 1420 1071 si
1451 1030 1518 1071 nou

337 1116 502 1197 diplinthii
534 1123 589 1179 aut
621 1116 788 1199 triplinthii
821 1118 892 1198 sint,
926 1135 990 1177 non
1024 1117 1095 1197 plus
1119 1136 1216 1179 unam
1249 1117 1518 1197 contignationem

336 1224 499 1286 sustinere
522 1242 621 1305 posse,
645 1224 675 1286 id
701 1224 786 1305 quod
807 1224 845 1286 ad
865 1224 961 1285 aliam
979 1242 1047 1286 rem
1067 1225 1224 1307 pertinere
1242 1224 1307 1285 iarn
1327 1222 1517 1285 videbimus.

340 1328 454 1411 Neque
484 1349 617 1412 poenam
641 1331 737 1408 illam,
769 1330 808 1394 de
833 1350 896 1412 qua
920 1330 1068 1413 Voigtius
1097 1331 1248 1412 loquitur,
1276 1329 1348 1411 lege
1375 1334 1516 1391 sanctam

335 1455 409 1499 esse
433 1437 581 1519 colligere
599 1437 707 1500 liceto
730 1437 845 1500 Valerii
864 1439 1046 1500 narratione
1068 1438 1107 1520 (p.
1129 1436 1192 1517 66).
1217 1434 1385 1499 Communi
1405 1442 1513 1497 autem

335 1544 459 1626 pariete
482 1546 529 1607 uti
549 1546 680 1607 vetitum
700 1563 770 1608 esse
789 1543 1031 1626 undeVoigtius
1054 1545 1141 1625 sciat,
1164 1563 1292 1625 prorsus
1311 1561 1362 1605 me
1379 1542 1513 1625 iugit11)

431 1654 478 1713 Ac
500 1659 658 1733 postremo
682 1670 723 1714 ex
745 1651 832 1714 illius
856 1651 962 1713 verbis
992 1652 1181 1714 concludere
1208 1651 1329 1733 cogeris
1354 1648 1516 1728 Romame,

334 1777 380 1821 ex
405 1777 468 1840 quo
491 1758 564 1820 illae
588 1759 708 1839 „leges“
732 1760 949 1841 promulgatae
974 1763 1072 1839 erant,
1096 1777 1159 1819 non
1184 1756 1401 1839 compluribus
1423 1774 1517 1819 cena·

334 1866 419 1927 culis
443 1864 586 1929 aedificia
610 1873 774 1928 exstruere
796 1865 927 1928 licuisse
951 1865 1116 1947 usquead
1141 1865 1281 1946 Augusti
1305 1865 1454 1945 tempora,
1485 1863 1515 1926 b.

334 1990 365 2034 0.
385 1972 494 2033 duma
513 1973 653 2035 latericia
672 1978 831 2034 structura
850 1972 888 2034 ad
908 1991 1023 2034 novam
1043 1972 1221 2035 transirent.
1246 1970 1295 2034 Ne
1309 1970 1370 2033 hoc
1384 1971 1515 2053 quidem

336 2096 449 2140 verum
484 2088 545 2145 est:
577 2080 674 2141 immo
707 2098 779 2141 cum
813 2098 830 2141 e
859 2077 1021 2141 Ciceronis
1055 2080 1191 2162 quodam
1224 2078 1342 2160 100012)
1374 2084 1441 2139 turn
1472 2095 1515 2139 ex

338 2184 480 2246 'Vitruvii
505 2185 675 2247 verborum
699 2192 845 2248 accurata
867 2186 1128 2268 interpretatione
1150 2184 1231 2247 illud
1255 2193 1384 2267 apparet
1413 2203 1515 2265 usque

334 2291 377 2353 ad
396 2294 534 2373 Augusti
559 2301 700 2374 tempora
723 2292 866 2355 aedificia
890 2294 1100 2375 complurium
1124 2292 1350 2355 cenaculorum
1373 2292 1407 2351 in
1431 2291 1514 2373 pari·

340 2398 445 2461 stibus
468 2399 618 2461 latericiis
642 2399 917 2481 sesquipedalibus
942 2410 1103 2461 exstructa
1128 2417 1205 2461 esse.
1250 2396 1406 2459 Latericia
1430 2398 1514 2459 enim

335 2507 496 2567 structura
509 2508 544 2583 ¹3)
576 2507 607 2566 iu
633 2504 792 2586 aedificiis,
824 2507 979 2588 imprimis
1003 2506 1117 2568 insulis
1141 2504 1343 2567 exstruendis
1367 2505 1514 2586 plurimis

335 2610 472 2674 Romani
488 2614 539 2675 usi
554 2618 629 2675 sunt
646 2631 749 2694 usque
764 2613 803 2674 ad
817 2614 1013 2694 Augustum,
1033 2632 1107 2674 cum
1120 2610 1282 2693 lapidibus
1296 2617 1328 2673 et
1341 2612 1515 2674 caementis

333 2721 369 2781 in
394 2720 608 2782 monumentis
627 2720 761 2802 publicis
779 2720 841 2781 iarn
861 2719 925 2800 diu,
948 2720 984 2780 in
1007 2718 1275 2801 splendidioribus
1299 2723 1331 2779 et
1352 2717 1513 2780 solidiori-

335 2826 397 2888 bus
417 2826 562 2888 domibus
582 2826 657 2888 inde
675 2825 810 2889 aSullae
829 2832 931 2889 aetate
948 2827 982 2887 in
1002 2827 1070 2889 dies
1085 2827 1187 2908 magis
1202 2830 1375 2887 uterentur.
1399 2822 1513 2906 Neque

338 2934 451 2995 melius
484 2933 670 2995 sententiam
704 2952 805 2994 meam
838 2934 1044 3014 pronuntiare
1076 2951 1206 3015 possum
1238 2950 1334 3013 quam
1358 2930 1513 2994 Nisseni

334 3038 481 3117 verbaltt
505 3040 653 3101 laudans:
688 3040 744 3102 der
774 3040 993 3121 ungebrannte
1015 3038 1216 3121 Lehmziegel
1246 3038 1416 3121 behauptet
1438 3038 1511 3101 sich

336 3146 385 3208 bis
418 3166 458 3209 zu
491 3148 594 3209 einem
627 3165 692 3208 von
715 3148 883 3228 Augustus
914 3148 1092 3210 eriassenen
1123 3146 1188 3210 und
1218 3145 1365 3207 kraitvoll
1397 3144 1514 3209 durch·

425 3321 468 3390 11)
489 3321 574 3386 Quare
589 3320 742 3389 corrigenda
756 3324 818 3374 sunt
831 3338 870 3387 ea,
890 3337 958 3391 quae
972 3321 1123 3388 nuperrime
1138 3321 1244 3389 scripsit
1253 3319 1389 3389 Voigtium
1403 3323 1509 3371 secutus

334 3390 432 3521 Paglfius
451 3392 579 3444 Werner
599 3392 648 3461 „de
666 3392 794 3445 incendiis
812 3392 893 3446 Urbis
912 3392 1010 3446 Romae
1029 3394 1113 3445 aetate
1133 3392 1338 3459 11111101010111111ιι
1358 3391 1420 3447 diss
1439 3390 1510 3457 Lips

336 3464 369 3517 19
424 3480 449 3530 p.
469 3463 505 3517 48
523 3479 563 3531 sq.

426 3533 468 3599 12)
488 3535 520 3587 de
533 3534 582 3603 leg.
597 3551 680 3603 agrar.
695 3534 722 3588 ΙΙ
737 3536 779 3602 35,
789 3535 836 3589 961
856 3535 968 3588 Romam
987 3534 1119 3588 cenaculis
1138 3533 1269 3587 sublatam
1283 3537 1310 3587 et
1323 3533 1509 3599 suspensamt‘3

329 3604 439 3673 scripsit
457 3606 507 3658 hoc
527 3604 618 3659 Cicero
638 3606 737 3658 consul.

425 3677 468 3746 13)
488 3678 573 3730 Varro
587 3678 657 3744 apud
671 3678 739 3729 Non.
750 3694 775 3744 p.
786 3676 829 3743 48,
841 3678 886 3731 13;
905 3677 1006 3744 antiqui
1015 3677 1098 3731 nostri
1107 3676 1228 3731 domibus
1237 3674 1362 3730 latericiis
1373 3672 1510 3742 parrlulum

334 3749 410 3801 modo
435 3746 565 3816 lapidibus
591 3749 748 3801 suffundatis
768 3790 774 3801 .
795 3788 800 3799 .
822 3789 827 3800 .
847 3748 1008 3802 habitabant.
1032 3779 1066 3787 -
1092 3748 1141 3800 Dio
1166 3748 1209 3812 39,
1230 3747 1262 3801 61
1290 3749 1401 3798 testatur
1425 3744 1509 3797 multa

330 3818 454 3873 ¹aedificia
471 3819 554 3873 latere
573 3821 674 3872 structa
693 3819 830 3885 corruisse,
850 3836 912 3872 cum
932 3834 998 3872 anno
1018 3820 1053 3873 54
1071 3818 1171 3872 Tiberis
1189 3816 1283 3870 urbem
1301 3816 1455 3869 inundasset
1474 3846 1509 3854 —-

306 3958 307 3961 Ἴ
330 3891 441 3945 uicus
461 3890 513 3945 div.
533 3890 560 3943 ll
579 3892 622 3956 47,
637 3890 671 3945 99
692 3890 827 3959 (scriptum
847 3904 869 3943 a.
888 3891 946 3957 44):
966 3892 992 3942 in
1011 3890 1095 3943 latere
1113 3900 1159 3942 aut
1177 3890 1204 3941 in
1223 3888 1366 3941 caementis
1386 3888 1510 3955 equibus

333 3962 397 4015 urbs
412 3962 506 4015 effecta
520 3966 567 4015 est.
580 3992 612 3999 -
623 3961 694 4014 Suet.
706 3965 771 4028 Aug.
781 3959 817 4014 28
836 3976 1027 4026 „marmoream
1047 3977 1076 4014 se
1089 3960 1247 4028 relinquere,
1266 3975 1345 4027 quam
1364 3958 1509 4012 latericiam

333 4034 495 4101 accepissettt
516 4032 748 4102 (0111105130).
781 4030 856 4096 Quod
871 4048 921 4084 non
938 4032 1023 4085 solum
1042 4033 1074 4084 ad
1093 4030 1212 4084 aedificia
1230 4030 1343 4097 publica,
1363 4030 1408 4082 sed
1428 4029 1508 4082 etiam

335 4104 437 4172 privata
456 4106 587 4171 pertinere
605 4103 733 4157 Nissenus
759 4104 905 4156 rectissime
930 4105 1025 4157 statuit
1042 4103 1157 4155 Hirtium
1185 4101 1354 4170 (Gesohichte
1372 4102 1420 4154 der
1437 4100 1509 4154 Bau-

333 4176 413 4228 kunst
427 4176 468 4229 bei
481 4176 532 4228 den
548 4176 627 4228 Alten
642 4174 668 4227 H
681 4174 743 4243 310)
763 4176 871 4227 secutus
890 4178 980 4226 contra
998 4174 1135 4241 plerosque
1155 4173 1238 4226 nostri
1256 4172 1315 4225 aeri
1333 4170 1404 4225 viros
1417 4172 1508 4226 doctos

333 4246 426 4315 Pomp.
446 4247 520 4300 Stud.
541 4264 565 4314 p.
584 4245 627 4299 25.
648 4264 672 4298 n.
692 4244 717 4298 2.
754 4246 789 4298 oi.
808 4244 944 4299 Bli'unner.
981 4244 998 4298 l.
1017 4244 1033 4298 l.
1053 4245 1081 4298 ll
1100 4262 1124 4312 p.
1147 4245 1188 4298 13.
1208 4259 1233 4296 n.
1255 4244 1278 4294 1.

425 4319 468 4387 14)
488 4318 615 4375 Landesk,
635 4316 663 4369 ΙΙ
682 4335 706 4385 p.
726 4317 786 4371 518.

1471 4420 1505 4473 5*
