3684 5217
803 458 1016 521 „19-

325 636 502 719 inspexisse
511 634 534 717 ¹)
561 614 752 717 persuasum
779 636 856 698 mihi
886 640 934 697 est
957 653 1062 717 neque
1084 636 1174 719 prius
1198 636 1319 700 dehac
1342 638 1500 701 sententia

325 742 471 806 decedam
491 761 589 824 quam
607 744 801 805 contrarium
821 741 988 825 probatum
1008 746 1081 818 erit3
1102 742 1200 807 immo
1215 761 1306 826 spero
1320 763 1372 807 me
1389 752 1499 827 postea

326 868 425 912 meam
456 850 644 911 sententiam
675 850 870 932 argumentis
899 868 992 931 posse
1021 848 1169 912 stabilire.
1215 848 1304 913 Haeo
1334 851 1499 933 habebam,

321 976 403 1039 quae
428 962 539 1018 contra
563 953 820 1033 Schanzium2)
845 955 1038 1019 dissererem.

412 1060 519 1137 Quare
549 1062 576 1125 si
600 1061 768 1125 Vitruvius
798 1061 942 1125 aedificia
972 1063 1126 1145 quaedam
1159 1069 1320 1146 memorat,
1354 1083 1392 1128 ea
1420 1070 1499 1146 tum,

317 1190 393 1234 cum
427 1169 467 1232 de
497 1169 543 1231 eis
570 1169 707 1251 scripsit,
743 1170 921 1232 exstiterint
953 1188 1080 1232 necesse
1108 1177 1168 1249 est,
1200 1171 1285 1233 unde
1312 1178 1500 1255 argumenta

319 1297 380 1340 nos
400 1295 513 1359 capere
532 1295 624 1358 posse
644 1284 772 1360 apparet
796 1276 834 1338 ad
859 1282 996 1358 tempus,
1022 1296 1086 1360 quo
1111 1277 1150 1340 de
1170 1278 1216 1340 eis
1234 1278 1368 1362 scripsit,
1391 1279 1501 1342 termi-

318 1383 474 1445 nandum.

416 1488 593 1569 Araeostyli
625 1491 830 1573 proprietates
861 1488 1030 1552 Vitruvius
1065 1490 1152 1553 hisce
1184 1490 1289 1552 verbis
1322 1491 1497 1574 significat:

328 1646 336 1657 .
356 1645 363 1657 .
383 1645 389 1657 .
407 1601 454 1676 „et
471 1596 612 1677 ipsarum
631 1596 758 1660 aedium
777 1598 897 1679 species
916 1600 992 1659 sunt
1010 1595 1242 1679 barycephalae
1259 1596 1398 1660 humiles
1416 1598 1500 1661 latae

326 1708 541 1784 ornanturque
564 1703 664 1783 signis
686 1703 837 1767 fictilibus
860 1710 915 1766 aut
939 1705 1039 1766 aereis
1066 1704 1218 1766 inauratis
1241 1722 1348 1767 earum
1371 1703 1501 1788 fastigia

326 1810 485 1871 tuscanico
510 1827 605 1888 more,
633 1811 681 1872 uti
705 1810 819 1873 estad
844 1809 993 1874 Circum
1023 1811 1228 1871 maximum
1253 1808 1443 1875 Cereris“.
1463 1862 1498 1876 ..

319 1917 363 1998 (p.
391 1918 440 1996 71,
468 1916 618 1990 17-20).
666 1916 748 1980 Illud
773 1917 936 2001 templum,
967 1916 1052 1999 quod
1082 1918 1144 1979 iam
1173 1936 1257 1980 anno
1287 1938 1312 1982 a.
1337 1916 1498 1983 0111493

277 2002 279 2007 ’
317 2022 501 2085 dedicatum
523 2030 589 2085 erat
607 2022 753 2104 (Dionys.
773 2023 843 2087 Hal.
861 2022 979 2104 v194)
998 2042 1081 2086 anno
1101 2043 1127 2087 a.
1148 2022 1219 2086 chr.
1236 2025 1275 2086 31
1298 2026 1372 2107 igne
1390 2024 1500 2087 fundi-

318 2136 371 2191 tus
397 2139 622 2211 consumptum
648 2150 716 2192 esse
740 2132 829 2193 testis
853 2137 899 2193 est
924 2130 985 2193 Dio
1009 2132 1073 2214 (50,
1102 2132 1158 2193 10:
1190 2127 1248 2193 καὶ
1271 2139 1339 2216 πῦρ
1362 2128 1448 2195 utta
1462 2154 1500 2196 τε

316 2232 377 2299 οὐκ
396 2230 494 2317 ὀλίγα
519 2283 525 2297 .
551 2284 558 2297 .
584 2285 590 2297 .
622 2234 660 2298 τό
681 2258 716 2299 τε
736 2232 925 2324 Δημήτριον
949 2286 956 2299 .
982 2287 988 2299 .
1012 2290 1019 2303 .
1044 2231 1206 2323 ἔφθειρεν.
1231 2238 1268 2301 cf.
1294 2239 1393 2303 Strab.
1419 2239 1498 2303 VIII

317 2345 380 2426 up.
406 2342 516 2405 38lb:
541 2342 597 2406 τὸν
620 2340 655 2405 δὲ
679 2340 834 2406 Διόνυσον
857 2338 1068 2423 ἀνακείμενον
1091 2340 1125 2405 ἐν
1147 2344 1194 2428 τῷ
1219 2341 1411 2430 Δημητρείῳ
1432 2394 1439 2408 .
1460 2394 1498 2409 ..

317 2443 479 2531 ἑωρῶμεν.
504 2444 756 2535 ἐμπρησθέντος
779 2446 815 2512 δὲ
837 2450 896 2513 τοῦ
927 2449 987 2513 νεὼ
1010 2446 1241 2538 σονηφανίσθη
1265 2448 1323 2515 καὶ
1346 2442 1368 2536 ἡ
1390 2454 1498 2539 μραᾳο)

322 2550 468 2638 νεωσνι’);
491 2557 659 2635 Augustus
682 2556 885 2620 reficiendam
910 2576 979 2620 cam
1005 2558 1114 2620 aedem
1139 2560 1271 2638 curavit,
1296 2558 1352 2622 sed
1374 2558 1499 2623 Tiberio

326 2661 451 2725 demum
480 2667 654 2747 imperante
684 2682 767 2726 anno
798 2685 826 2747 p.
852 2662 923 2726 Chr.
951 2666 989 2726 17
1022 2665 1136 2727 iterum
1168 2664 1311 2727 dedicata
1341 2671 1388 2728 est
1418 2666 1498 2748 (Tac.

323 2788 398 2830 ann.
422 2768 539 2851 1149).

411 2875 490 2939 Cum
511 2882 603 2939 autea
621 2882 676 2940 aut
689 2878 783 2960 plane
798 2878 977 2961 neglectum
994 2885 1075 2941 esset
1090 2879 1241 2961 templum
1256 2878 1335 2941 illud
1352 2897 1437 2942 anno
1453 2881 1494 2941 31

319 2982 462 3047 deletum
487 3004 505 3046 a
528 2982 678 3047 Vitruvio
707 2985 905 3063 memora-nl)
930 2992 986 3047 aut
1013 2985 1058 3047 ita
1081 2985 1302 3066 explicaretur,
1330 2991 1367 3047 ut
1388 2984 1500 3049 Vitru-

319 3090 411 3152 vium
436 3092 599 3172 antiquam
624 3090 734 3154 aedem
764 3096 904 3173 spectare
933 3093 1146 3171 statuerent,⁴)
1174 3091 1237 3171 alii,
1265 3111 1347 3175 quos
1370 3099 1499 3157 secutus

314 3202 369 3259 est
384 3195 606 3279 UssIngiuS,
625 3198 699 3260 inde
714 3198 939 3260 concluserunt
953 3198 1137 3261 Vltruvium
1154 3217 1218 3260 non
1239 3200 1321 3261 intra
1339 3220 1441 3263 annos
1458 3201 1499 3263 16

313 3309 352 3365 et
378 3305 419 3365 13
444 3304 616 3386 scripsisse,
640 3304 704 3380 sed,
728 3323 801 3367 cum
827 3304 920 3368 aedes
944 3323 1028 3367 anno
1051 3324 1080 3387 p.
1101 3303 1171 3367 Chr.
1198 3308 1235 3368 17
1262 3306 1390 3369 demum
1412 3306 1501 3370 dedi-

310 3414 390 3472 cata
409 3423 502 3489 esset,
521 3429 561 3472 ne
582 3412 699 3473 vixisse
719 3411 848 3493 quidem
861 3413 1000 3494 Augusti
1019 3418 1128 3491 aetate,
1147 3411 1203 3475 sed
1222 3423 1295 3495 post
1312 3415 1498 3492 11111117,

312 3518 349 3579 lr.
383 3535 408 3580 e.
440 3522 476 3579 ut
506 3517 552 3579 illi
583 3523 741 3596 statuunt,
774 3523 828 3580 aut
858 3518 1042 3581 Flauiorum
1072 3520 1268 3601 temporibus
1300 3527 1356 3583 aut
1385 3526 1497 3601 quarto

312 3643 349 3706 p.
376 3622 447 3685 Chr.
473 3624 609 3686 saeculo.
655 3623 788 3687 Rectum
812 3626 895 3688 vidit
917 3624 1124 3706 Krohnius,
1148 3646 1244 3709 quem
1268 3628 1367 3689 secuti
1392 3626 1501 3689 Vitru-

412 3764 438 3832 1)
458 3764 492 3817 cl.
512 3764 590 3817 etiam
608 3765 783 3818 Iordanum
804 3766 831 3818 in
849 3766 949 3820 Comm.
967 3766 1090 3819 Momms
1111 3783 1135 3834 p.
1150 3767 1215 3821 362:
1236 3767 1399 3831 „Vitruvius
1419 3766 1498 3818 homo

312 3833 437 3901 slmplex
463 3837 490 3888 et
514 3836 542 3887 in
560 3835 686 3889 aedificiis
705 3836 778 3890 urbis
796 3837 896 3892 Romae
914 3838 1099 3906 nuncupandis
1118 3840 1251 3906 vulgatam
1270 3837 1391 3890 eiusdem
1405 3839 1500 3890 aetatis

313 3905 542 4029 confsiuetudinem
574 3907 740 3975 amplexus.“
773 3911 864 3976 postea
896 3908 1047 3961 Vitruvium
1080 3913 1251 3962 monumenta
1281 3908 1369 3975 ipsum
1401 3908 1499 3962 vidisse

340 3992 368 4029 ro
390 3980 470 4031 tetur.

315 3994 337 4045 p
412 4046 857 4117 2teesohichtoder1tum.nitt.
878 4091 883 4102 .
904 4094 910 4105 .
931 4050 973 4103 ΙΙ1
993 4068 1018 4117 p.
1039 4053 1089 4105 351
1109 4051 1159 4113 (ed.
1179 4049 1215 4115 2.)

413 4120 440 4187 3)
457 4121 490 4173 of.
509 4120 618 4175 Becker.
662 4120 679 4175 l.
698 4120 715 4174 l.
739 4137 765 4188 p.
791 4123 842 4174 471
871 4136 910 4188 sq.
941 4137 968 4175 n.
993 4123 1054 4189 981,
1081 4122 1134 4189 qui,
1159 4135 1319 4188 quamquam
1344 4121 1500 4176 Vltruvium

315 4192 393 4243 circa
411 4206 510 4313 pprnum
530 4193 564 4244 14
575 4191 717 4314 lscripsisse
737 4196 820 4260 putat,
840 4205 929 4246 tamen
947 4194 975 4245 in
993 4194 1043 4246 hac
1062 4210 1091 4246 re
1109 4208 1161 4244 non
1180 4191 1297 4246 offendit.

432 4263 520 4328 tuin
539 4264 556 4316 l.
587 4306 592 4317 .

1467 4370 1502 4422 2*
