3684 5217
821 356 1033 416 ..38-

339 528 496 593 Nissenus
525 531 612 593 enim
641 531 700 594 hoe
731 531 920 614 negavit;⁷⁶)
950 532 1006 595 sed
1029 530 1170 611 1166166,
1209 534 1277 615 qui
1309 533 1355 597 de
1380 532 1435 595 his
1461 530 1561 593 rebus

340 637 456 719 optime
480 636 594 720 egitJI)
618 638 846 701 demonstravit
869 656 942 701 oum
965 657 1176 721 suspensuras
1205 639 1465 723 tepidariorum
1490 646 1559 699 tum

340 742 555 807 tubulationes
592 744 746 827 parietum
784 750 814 807 et
851 744 976 827 tegulas
1013 749 1204 808 mammatae
1221 746 1267 828 ⁷⁸)
1322 747 1396 809 iam
1437 744 1561 807 liberae

339 850 386 911 rei
409 849 554 932 publicae
577 850 772 933 temporibus
797 856 887 915 notas
909 850 1016 915 fuisse.

430 955 657 1020 Laconicum
683 975 758 1020 vero
782 960 821 1040 (p.
849 958 920 1039 126,
946 959 1000 1039 20)
1030 958 1243 1041 dubitaveris,
1278 979 1370 1023 num
1402 957 1559 1021 Vitruvio

339 1068 451 1125 notum
481 1082 548 1127 esse
579 1065 725 1147 potuerit,
759 1066 785 1127 si
816 1070 889 1127 ante
913 1066 953 1128 31
980 1066 1113 1147 scripsit,
1145 1084 1222 1129 cum
1251 1065 1324 1129 Dio
1353 1067 1428 1149 (53,
1455 1065 1510 1142 27,
1538 1064 1555 1122 1

338 1169 379 1231 66
398 1188 516 1233 annum
536 1172 589 1247 25)
614 1170 696 1235 dicat
706 1171 878 1255 Agrippam
898 1172 1037 1253 primum
1057 1170 1174 1234 Romae
1190 1170 1414 1236 Laconicum
1438 1168 1554 1233 condi·

340 1276 432 1339 disse.
478 1276 592 1360 Neque
615 1284 720 1341 tamen
744 1285 800 1358 est,
824 1297 881 1341 our
901 1280 934 1340 in
954 1277 1065 1341 haere
1084 1278 1301 1352 offendamur,
1329 1299 1414 1342 cum
1436 1276 1556 1340 Cicero

338 1384 482 1467 pluribus
505 1384 584 1448 locis
608 1386 646 1449 de
669 1383 824 1448 Laconico
847 1384 997 1467 loquatur
1023 1385 1073 1467 (ad
1093 1388 1157 1449 Att
1176 1384 1224 1447 IV
1250 1388 1314 1461 10;
1353 1387 1398 1449 ad
1426 1383 1488 1459 Qu.
1513 1383 1549 1445 fr.

338 1490 388 1555 ΙΠ
409 1493 436 1572 1,
456 1491 489 1573 2)
513 1498 544 1555 et
563 1491 705 1555 Vitruvii
724 1491 821 1555 verba
844 1490 1017 1553 confirmet.
1065 1490 1125 1554 Sed
1149 1511 1190 1555 ne
1213 1493 1278 1555 hoo
1308 1494 1456 1576 quidem
1478 1492 1551 1553 loco

337 1597 495 1661 abstinere
518 1618 657 1681 possum,
686 1599 762 1681 quin
789 1616 935 1661 moneam
959 1597 1150 1680 Vitruvium,
1180 1600 1209 1661 si
1232 1609 1315 1682 post
1342 1619 1478 1663 annum
1503 1596 1546 1657 25

338 1706 527 1787 scripsisset,
559 1724 621 1789 quo
653 1706 789 1768 thermas
813 1706 955 1789 Agrippa
980 1702 1053 1788 (Dio
1077 1706 1097 1767 1.
1121 1704 1155 1787 l.)
1185 1705 1367 1790 dedicavit,
1404 1726 1462 1770 eas
1487 1703 1542 1765 vix

336 1812 382 1873 ita
396 1812 615 1894 neglecturum
629 1813 736 1893 fuisse,
756 1818 791 1875 ut
806 1832 846 1875 ne
861 1831 977 1875 nomen
993 1812 1123 1894 quidem
1134 1809 1541 1887 hoccommemoraret.⁷⁰t

427 1921 530 2001 Aptus
553 1920 604 1982 hic
626 1920 715 1983 locus
734 1919 861 1982 videtur
885 1939 930 2000 ea,
956 1939 1036 2002 quae
1056 1919 1227 1982 Vitruvius
1246 1921 1279 1981 in
1306 1921 1401 1984 libro
1424 1922 1535 1983 octavo

337 2028 413 2109 (cap.
439 2027 470 2105 6)
495 2026 540 2089 de
563 2045 682 2109 aquae
707 2024 886 2089 ductibus
909 2026 1074 2109 significat,
1097 2027 1207 2109 paucis
1231 2027 1493 2111 interpretandi.

428 2130 583 2207 Quattuor
615 2131 734 2195 Romae
767 2139 840 2194 ante
865 2132 1049 2194 Vitruvium
1076 2151 1178 2215 aquae
1211 2133 1330 2198 ductus
1369 2129 1535 2198 exstructi

337 2246 422 2321 sunt,
446 2260 530 2323 aqua
555 2241 658 2323 Appia
682 2244 719 2322 (a.
747 2240 821 2316 312)
846 2241 931 2301 Anio
956 2240 1109 2320 vetusta.
1133 2242 1219 2320 272),
1244 2238 1369 2304 Marcia
1397 2244 1438 2323 (a.
1467 2239 1534 2303 144

338 2346 376 2409 oi.
396 2367 425 2428 p.
447 2347 584 2427 192,12)
607 2346 724 2430 Tepula
748 2350 783 2426 (a.
806 2347 932 2426 125).⁸⁰)
969 2347 1065 2409 Anno
1089 2353 1195 2433 autem
1215 2348 1265 2427 33,
1290 2366 1358 2428 quo
1378 2349 1532 2431 Agrippa

336 2454 453 2517 celebri
477 2454 531 2516 illa
553 2455 710 2518 aedilitate
732 2454 863 2517 functus
887 2461 944 2535 est,
976 2454 1049 2518 illos
1074 2454 1189 2516 ductus
1213 2473 1331 2537 „paene
1357 2449 1531 2538 dilapsos‘

337 2560 487 2641 (Frontin.
507 2560 523 2623 I
543 2563 573 2640 9)
597 2563 735 2626 restituit
754 2568 785 2625 et
803 2581 917 2644 aquam
939 2560 959 2623 J
963 2562 1059 2623 uliam
1078 2560 1249 2641 addidit,⁸1)
1274 2579 1310 2623 eo
1330 2562 1440 2645 igItur
1459 2561 1531 2624 fere
1654 2591 1655 2594 κ

337 2674 486 2751 tempore,
510 2687 573 2751 quo
598 2668 784 2731 Vitruvium
807 2668 969 2749 scripsisse
991 2677 1149 2750 putamus,

426 2774 538 2857 Neque
558 2794 632 2838 vero
643 2774 761 2838 Romae
781 2774 893 2855 solum,
913 2774 969 2837 sed
988 2776 1083 2837 etiam
1101 2776 1136 2837 in
1155 2775 1225 2838 aliis
1238 2774 1350 2838 Italiae
1370 2774 1525 2851 urbibus,

336 2882 519 2965 municipiis
552 2888 583 2944 et
614 2882 755 2963 coloniis,
792 2883 854 2943 iam
894 2881 1017 2946 dudum
1049 2901 1150 2964 aquae
1186 2882 1301 2944 ductus
1334 2882 1523 2958 exstabant,

337 3007 472 3070 quarum
506 2988 709 3051 celeberrima
739 2997 787 3051 est
815 3007 899 3069 aqua
924 2988 1096 3066 Aletriana,
1130 3007 1226 3070 quam
1252 2989 1335 3050 intra
1358 3008 1465 3052 annos
1490 3008 1520 3048 a.

337 3092 408 3157 ohr.
436 3096 499 3157 134
523 3102 554 3157 et
578 3096 618 3157 90
642 3095 816 3157 faciendam
840 3095 963 3158 curavit
985 3092 1020 3158 Ia
1044 3094 1220 3157 Betilienus
1244 3092 1349 3157 Varus
1372 3096 1418 3177 (0.
1437 3095 1462 3158 Ι.
1481 3093 1519 3157 L.

335 3202 471 3265 11166.
517 3199 681 3281 Χ5807).

426 3310 565 3391 Apparet
588 3310 685 3390 igitur
708 3328 748 3371 ex
777 3310 831 3389 eis,
863 3327 943 3391 quae
971 3308 1135 3371 Vitruvius
1162 3309 1315 3390 praecipit
1346 3309 1384 3371 de
1407 3327 1517 3394 aquae

336 3414 485 3479 ductibus
508 3414 745 3495 constituendis,
769 3418 824 3477 vix
848 3414 1024 3497 quidquam
1048 3415 1192 3477 concludi
1218 3433 1317 3495 posse.

425 3593 468 3662 76)
488 3592 578 3659 Pomp.
598 3590 671 3644 Stud.
691 3608 715 3658 p.
737 3590 787 3645 152
807 3607 844 3658 sq.

425 3666 468 3732 77)
488 3664 579 3731 Pomp.
599 3662 720 3729 Beitrdge
738 3679 763 3730 p.
785 3661 836 3715 149
855 3676 911 3728 sqq.

425 3734 469 3804 78)
488 3735 555 3794 Vitr.
577 3735 610 3787 V.
633 3734 674 3800 10,
690 3736 719 3800 53
744 3733 804 3787 Seu.
826 3733 901 3801 epist.
923 3732 965 3800 90,
981 3733 1024 3789 25.
1061 3733 1166 3788 Nissen.
1192 3735 1208 3787 1.
1225 3735 1242 3789 l.
1261 3736 1328 3788 Vitr.
1347 3752 1372 3802 p.
1389 3735 1508 3803 170,19.

333 3806 472 3875 Degen'ng.
511 3806 604 3861 Rhein.
624 3806 690 3859 Mus.
712 3804 780 3859 1902
799 3822 825 3873 p.
846 3804 924 3858 3611.
945 3805 969 3857 1.
1007 3805 1230 3873 Daremb.-Sagli0
1248 3806 1266 3862 l.
1285 3807 1303 3859 1,
1324 3806 1348 3859 V
1367 3806 1427 3859 348.

424 3878 468 3940 79)
488 3878 522 3930 ci.
542 3878 708 3931 Athenaeum
727 3893 753 3932 n.
773 3876 871 3945 36267
891 3892 916 3943 p.
937 3876 997 3931 586.

423 3948 467 4013 80)
487 3950 596 4002 Richter
614 3949 630 4001 1,
650 3949 668 4003 l.
687 3966 712 4016 p.
732 3948 774 4002 52.

423 4019 467 4081 81)
487 4021 622 4074 Frandsen
640 4021 791 4089 „Agrippa“
810 4020 952 4087 6145151.
972 4020 1011 4073 De
1030 4017 1156 4087 quinaria,
1176 4034 1252 4086 quam
1271 4028 1315 4072 aut
1328 4019 1443 4087 Agrippa
1460 4022 1508 4071 aut

331 4088 622 4213 lVipruviu2s2invenisse
637 4092 733 4145 dicitur
751 4091 850 4161 (Front.
861 4091 918 4145 125
936 4090 1003 4146 Vitr.
1015 4089 1082 4143 VIII
1091 4090 1116 4157 6,
1126 4091 1153 4155 4)
1173 4090 1317 4159 disputavit
1331 4091 1507 4158 Degen'ngius

343 4201 349 4212 .
382 4204 387 4215 .
407 4177 432 4227 p.
505 4178 542 4229 sq.
1513 4205 1515 4211 ,
