3684 5217
837 477 1051 539 ...18-

357 652 526 715 Vitruvius
546 672 609 714 non
630 652 714 715 dicat
732 670 764 715 se
784 653 917 715 diversis
937 653 1131 735 temporibus
1154 652 1251 716 libros
1275 673 1351 718 suos
1375 660 1533 741 conscrip-

357 760 444 840 sisse,
468 758 521 822 sed
542 765 662 821 tantum
685 760 746 821 alio
765 764 906 842 tempore
926 779 959 822 se
978 760 1150 843 scripsisse,
1170 760 1231 822 alio
1251 762 1368 845 scripta
1387 764 1531 845 edidisse,

358 866 448 947 sequi
473 866 552 927 mihi
576 865 702 928 videtur
726 868 1000 929 commentaria
1022 866 1077 929 iila
1101 866 1158 947 „de
1181 867 1392 932 architectura
1415 872 1529 952 scripta

357 978 388 1034 01
408 973 529 1054 magnis
548 972 789 1054 cogitationibus
808 972 981 1055 0110110010α
1000 974 1041 1055 (p.
1063 973 1123 1051 1,7
1145 974 1196 1056 sq)
1215 974 1324 1037 eadem
1344 975 1411 1038 fere
1428 976 1526 1037 forma

357 1086 388 1141 et
411 1081 540 1159 ratione,
565 1099 629 1161 qua
653 1098 711 1141 nos
735 1099 771 1142 ea
795 1080 941 1163 legimus
968 1081 1032 1142 iam
1055 1080 1109 1142 illo
1134 1087 1282 1163 tempore,
1311 1099 1373 1161 quo
1402 1082 1525 1162 ipsese

357 1187 521 1268 scripsisse
546 1186 629 1265 dicit,
661 1187 832 1270 composita
863 1204 946 1264 esse,
978 1206 1059 1270 quae
1089 1206 1164 1249 vero
1193 1194 1266 1270 post
1293 1186 1370 1248 illud
1402 1192 1526 1269 tempus

357 1293 472 1376 scripta
496 1311 563 1356 0000
588 1292 710 1374 debent,
735 1293 840 1356 nescio
864 1313 905 1355 an
928 1298 999 1375 apte
1022 1314 1078 1375 pro
1098 1294 1322 1356 additamentis
1344 1292 1526 1372 habeantur,

358 1398 475 1483 quihus
495 1401 585 1463 auxit
605 1399 793 1482 quibusdam
814 1400 853 1463 de
873 1401 976 1463 causis
994 1400 1092 1463 libros
1110 1420 1184 1464 suos
1204 1407 1282 1481 tum,
1300 1419 1373 1462 curn
1393 1398 1530 1462 edendos

358 1525 411 1569 eos
436 1507 568 1569 curavit.

449 1612 537 1687 Quae
561 1632 634 1675 cum
664 1615 704 1676 ita
737 1632 771 1677 se
795 1614 911 1677 habere
940 1615 1018 1676 mihi
1042 1614 1218 1695 videantur,
1248 1614 1386 1696 primum
1418 1614 1456 1676 de
1487 1616 1532 1677 eis

358 1720 452 1782 rebus
484 1740 581 1802 agam,
614 1740 692 1803 quas
716 1720 900 1784 Vitruvium
931 1726 1004 1784 ante
1034 1741 1060 1784 a.
1085 1722 1124 1783 31
1157 1722 1335 1784 necessario
1368 1722 1531 1804 scripsisse

358 1830 451 1889 certis
483 1826 672 1908 quibusdam
706 1846 746 1890 ex
776 1828 902 1891 indiciis
933 1835 1069 1911 apparet,
1099 1833 1136 1889 ut
1159 1828 1258 1908 magis
1289 1827 1419 1907 eluceat,
1450 1847 1529 1910 qnae

357 1936 435 1995 ratio
459 1934 634 1996 intercedat
657 1936 739 1998 inter
758 1936 983 1998 commentaria
1001 1936 1107 2016 priora
1126 1940 1157 1997 et
1179 1934 1277 1995 libros
1296 1940 1402 2017 postea
1421 1935 1529 1997 editos.

792 2199 906 2283 Caput
930 2200 1097 2266 alterurn.

439 2339 498 2436 110
535 2341 658 2437 rebus
692 2340 948 2461 quibusdam,
982 2371 1084 2461 quas
1117 2339 1330 2438 Vitruvius
1362 2346 1458 2437 ante

549 2514 703 2579 annum
738 2482 788 2581 31
822 2483 1033 2603 scripserit
1066 2514 1237 2581 necesse
1270 2491 1344 2580 001.

446 2660 548 2725 Tertio
582 2663 663 2725 libro
695 2662 863 2725 Vitruvius
894 2662 951 2743 „de
982 2663 1113 2726 deorum
1144 2664 1371 2727 immortalium
1401 2665 1531 2728 aedibus

359 2770 455 2831 sacris
488 2776 519 2831 et
550 2770 597 2831 uti
632 2777 774 2851 oporteat
802 2772 1008 2852 perscriptas‘
1041 2779 1079 2853 (p.
1112 2772 1162 2851 64,
1197 2772 1341 2853 28-30)
1373 2772 1530 2855 loquitur3

359 2876 485 2957 singula
508 2894 625 2957 genera
653 2882 683 2938 et
712 2878 833 2959 species
861 2878 1050 2959 templorum
1078 2887 1243 2962 percenset
1270 2889 1301 2942 et
1329 2880 1533 2942 uniuscuius-

359 3001 422 3063 que
446 2983 591 3064 exempla
614 2982 733 3046 Romae
759 2985 814 3065 vel,
840 2985 867 3047 si
890 2985 935 3047 ibi
960 2986 1083 3065 desunt,
1107 2985 1182 3048 alibi
1202 2986 1359 3047 exstantia
1378 2990 1409 3046 et
1432 2987 1531 3048 omni-

359 3090 419 3151 bus
451 3097 525 3151 nota
558 3089 652 3153 affert.
715 3089 804 3164 Quod
838 3091 1053 3154 Romanorum
1086 3088 1300 3152 aedificiorum
1338 3092 1530 3153 mentionem

358 3196 441 3276 facit,
465 3196 525 3258 hoc
548 3197 591 3259 ita
615 3198 860 3280 intellegendum
885 3215 953 3261 esse
975 3196 1207 3278 unusquisque,
1233 3195 1287 3275 qui
1312 3193 1452 3253 Vitruvii
1476 3214 1531 3255 na-

359 3310 462 3365 turam
498 3312 527 3365 et
560 3304 787 3367 architecturae
820 3305 985 3367 scientiam
1023 3302 1199 3364 accuratius
1231 3298 1333 3380 novit,
1371 3300 1529 3371 concedet,

359 3410 499 3491 arbitror,
531 3430 604 3473 eum
635 3412 724 3473 nulla
754 3413 816 3474 alia
839 3429 1012 3472 memorare
1036 3409 1097 3471 nisi
1121 3426 1166 3486 ea,
1190 3412 1370 3489 quactum,
1395 3425 1469 3468 cum
1492 3406 1530 3468 de

359 3519 404 3580 eis
428 3518 562 3600 scripsit,
585 3516 705 3580 Romae
728 3538 837 3581 revera
861 3515 1039 3594 exstabant,
1063 3521 1099 3577 ut
1123 3515 1354 3598 unusquisque,
1377 3514 1405 3576 si
1428 3514 1531 3593 vellet,

359 3624 419 3686 sibi
440 3622 629 3707 persuadere
648 3631 753 3707 posset
773 3624 956 3685 Vitruvium
977 3642 1013 3684 ea
1033 3629 1116 3683 recte
1136 3621 1352 3705 descripsisse3
1373 3622 1433 3685 nisi
1451 3622 1532 3684 forte

359 3736 452 3813 putas
483 3750 555 3793 eum
588 3740 649 3793 tarn
681 3732 797 3793 malum
823 3730 1027 3791 architectum
1054 3736 1083 3791 01
1107 3730 1183 3791 artis
1207 3731 1393 3812 scriptorem
1423 3728 1531 3804 fuisse,

359 3840 452 3900 utin
477 3856 513 3900 ea
537 3856 579 3917 re,
609 3856 699 3921 quae,
727 3839 753 3900 si
781 3836 856 3916 ulla,
884 3836 961 3898 artis
993 3837 1061 3899 eius
1091 3843 1165 3919 erat,
1193 3856 1256 3899 non
1280 3838 1349 3917 ipse
1372 3835 1532 3910 iudicaret,

360 3944 415 4007 sed
439 3944 541 4007 fontes
566 3945 719 4027 quosdam
744 3949 936 4025 sequeretur.
983 3942 1071 4008 Licet
1098 3953 1204 4007 autern
1228 3943 1396 4005 Vitruvius
1424 3943 1533 4004 multis

359 4051 393 4112 in
416 4050 511 4114 rebus
534 4052 603 4115 01110
627 4051 787 4113 obnoxius
810 4052 859 4131 sit,
890 4052 921 4112 in
957 4052 1017 4113 hac
1048 4057 1149 4115 tamen
1180 4069 1254 4113 eum
1283 4069 1346 4112 non
1375 4069 1415 4113 011
1443 4049 1533 4111 libris

361 4157 550 4239 quibusdam
578 4196 618 4203 -
643 4158 796 4221 Varronis
821 4157 907 4221 verbi
933 4178 1038 4239 causa,
1069 4158 1108 4220 de
1131 4177 1195 4240 quo
1219 4159 1324 4220 statim
1348 4157 1467 4237 cogites
1491 4194 1531 4200 —

360 4264 524 4326 scientiam
549 4265 609 4328 sibi
634 4266 874 4349 conquisivisse,
902 4265 958 4328 sed
982 4267 1088 4348 ipsum
1111 4264 1253 4327 aedificia
1277 4264 1331 4325 illa
1354 4263 1480 4325 novisse
1504 4270 1534 4324 01
