3684 5217
832 500 1040 558 ,53-

350 677 493 755 aliorum,
527 676 583 759 qui
614 686 684 759 post
717 675 788 737 illos
820 676 984 757 scripsere.
1015 674 1144 737 iudiciis
1174 674 1384 756 redarguitur.
1437 670 1540 747 Quae

349 785 435 847 enim
464 782 628 847 Vitruvius
660 782 699 845 de
731 781 954 843 communibus
985 781 1158 863 parietibus
1190 783 1255 861 §8
1288 782 1365 843 dicit
1395 800 1461 842 non
1485 780 1538 842 ad

348 899 511 971 menceus,
535 889 590 953 sed
615 887 655 951 ad
678 890 899 951 caementicios
920 890 1066 971 parietes
1089 895 1262 971 questum
1285 890 1319 951 in
1342 908 1408 950 usu
1426 887 1539 949 fuisse

351 1017 392 1061 ex
423 1006 488 1059 toto
522 1016 625 1059 rerum
658 1002 809 1057 contextu
842 1004 972 1077 apparet
1003 996 1050 1067 (cf.
1078 1015 1108 1076 p.
1131 995 1194 1076 60),
1227 997 1395 1078 pertinent,
1429 1002 1538 1076 atque

348 1104 524 1169 rectissime
545 1102 799 1185 Degeringius
818 1102 857 1165 ad
878 1102 1124 1165 verbaVitrurii
1148 1102 1188 1164 de
1210 1109 1369 1165 structura
1388 1108 1537 1163 testacea

350 1211 432 1273 lacta
456 1210 487 1289 (ξ
515 1212 552 1273 17
577 1210 626 1293 sq)
656 1209 732 1273 haec
761 1209 960 1289 adnotat¹⁸¹):
1008 1208 1123 1271 Vitruv
1154 1208 1344 1271 beschrtnkt
1368 1209 1420 1269 die
1444 1207 1536 1270 Ver-

351 1317 510 1399 wenduug
539 1316 594 1380 der
624 1321 783 1381 structura
813 1324 949 1379 testacea
978 1316 1036 1377 aui
1055 1314 1172 1378 Pfeiler
1197 1314 1265 1378 und
1286 1317 1379 1378 einen
1405 1314 1533 1377 oberen

349 1424 545 1487 Schutzraud
569 1424 623 1487 fiir
647 1422 951 1507 liultaiegelmauern
976 1420 1085 1505 [§18],
1109 1423 1259 1484 wahrend
1283 1442 1318 1485 er
1340 1422 1402 1484 den
1421 1422 1533 1483 Bauli-

348 1531 641 1595 steinuiauerbau
666 1550 727 1593 nur
752 1532 807 1591 mit
830 1529 1038 1611 vorsiohtiger
1059 1528 1198 1591 Reserve
1222 1528 1390 1612 empiieiilt.
1439 1527 1533 1591 Dicit

350 1640 435 1701 euim
448 1637 614 1700 Vitruvius
633 1637 711 1701 nihil
730 1637 815 1699 aliud
836 1638 898 1698 nisi
917 1637 1006 1698 haec:
1031 1637 1155 1719 „itaque
1171 1637 1244 1719 pilis
1259 1637 1401 1718 lapideis,
1421 1642 1532 1699 struc-

351 1746 431 1807 turis
442 1746 594 1825 testaceia
606 1744 778 1827 parietibus
788 1744 1000 1807 caementiciis
1010 1743 1192 1805 altitudines
1208 1792 1214 1805 .
1230 1793 1235 1804 .
1252 1793 1258 1805 .
1275 1792 1282 1804 .
1298 1750 1481 1806 exstructae
1498 1794 1504 1805 .
1523 1797 1530 1808 .

349 1851 390 1913 ad
415 1870 570 1913 alimmum
603 1851 769 1914 utilitatem
792 1849 962 1933 perficiunt
984 1850 1237 1933 dispertitiones‘
1269 1851 1306 1933 (p.
1333 1852 1383 1929 52,
1407 1851 1449 1911 22
1477 1853 1530 1932 sq)

350 1958 379 2023 h.
399 1976 424 2021 e.
444 1958 497 2021 tali
519 1957 612 2021 modo
632 1959 658 2019 si
678 1956 820 2021 aedificia
840 1956 1049 2040 complurium
1069 1957 1293 2019 cenaculorum
1317 1958 1526 2034 exstruxeris

351 2064 546 2127 uberrimum
566 2064 639 2127 iude
658 2064 796 2126 fructum
816 2067 927 2147 capias
983 2064 1041 2126 Sed
1062 2064 1143 2125 hanc
1161 2062 1349 2126 aedificandi
1367 2065 1522 2127 rationem

350 2173 411 2235 iarn
443 2170 495 2233 illo
528 2178 666 2253 tempore
696 2170 910 2253 pervulgatam
942 2172 1040 2233 fuisse
1070 2190 1230 2254 perperam
1256 2171 1384 2253 colligas
1408 2188 1450 2231 ex
1476 2171 1528 2233 his

351 2278 463 2342 verbis,
510 2277 583 2341 Huc
606 2278 667 2341 alia
691 2277 858 2355 acceduat;
891 2278 966 2340 dicit
994 2280 1078 2340 enim
1102 2279 1185 2340 idem
1210 2298 1239 2340 v.
1264 2278 1291 2339 d.
1316 2275 1526 2361 Degering:

350 2385 397 2451 lm
422 2386 600 2449 itiruisclrau
619 2384 831 2467 Ziegelworlre
851 2385 974 2447 lrommt
992 2405 1050 2448 vor
1069 2385 1124 2447 der
1140 2386 1167 2447 2.
1179 2384 1286 2448 Hitllte
1305 2384 1360 2447 des
1376 2386 1403 2446 1.
1413 2383 1527 2448 Jahrh.

349 2513 379 2555 u.
405 2490 474 2557 Chr.
501 2492 732 2573 Mauoraiegel
766 2492 856 2555 nicht
886 2512 944 2555 vor
963 2544 969 2556 .
990 2542 995 2553 .
1016 2542 1049 2554 ..
1083 2511 1132 2554 wo
1166 2512 1238 2553 man
1270 2489 1432 2553 Retikulat
1464 2493 1529 2554 mit

349 2599 627 2683 Ziegelpfeileru
652 2600 779 2677 autrifft
811 2602 870 2663 wie
894 2620 917 2662 z.
946 2599 977 2663 B.
1003 2598 1104 2661 neben
1136 2599 1192 2661 der
1215 2617 1297 2660 nova
1321 2599 1379 2677 via,
1408 2599 1442 2659 in
1467 2598 1528 2662 der

347 2725 416 2787 sog.
441 2706 553 2769 duatus
575 2705 740 2769 Gelotiana
764 2707 830 2769 und
855 2708 924 2769 dem
950 2706 1067 2769 oberen
1085 2705 1170 2768 Teile
1193 2706 1248 2767 der
1271 2705 1384 2767 domus
1404 2703 1526 2785 Liviae,

350 2813 388 2877 da
408 2813 491 2877 kauu
514 2833 584 2877 man
606 2812 908 2893 diesesZiegelwerlr
930 2813 1089 2875 bestimmt
1107 2813 1195 2874 nicht
1215 2811 1292 2875 iiber
1311 2813 1362 2874 die
1378 2811 1527 2876 tiiattte

348 2919 405 2981 des
432 2923 457 2983 i.
482 2919 591 2983 Jaluh.
617 2920 669 3003 [sc.
694 2941 718 2983 a.
744 2918 826 3005 ouri
851 2920 1081 2983 heraufriicken
1102 2970 1108 2982 .
1133 2969 1139 2981 .
1164 2967 1170 2981 .
1196 2920 1251 2983 der
1268 2918 1524 3001 Dreieclrsaiegel

351 3028 392 3089 ist
414 3026 509 3089 kaiam
540 3026 647 3091 trithei
670 3029 715 3091 als
740 3028 794 3091 das
819 3031 846 3091 2.
871 3028 979 3091 Jahrh.
1003 3064 1047 3075 -
1070 3027 1118 3089 lm
1143 3025 1271 3089 Grossen
1304 3027 1369 3088 und
1394 3025 1524 3089 Ganzen

350 3133 469 3197 isitius
501 3134 655 3197 riirrrisohe
680 3134 981 3215 Ziegelmauerwerk
1010 3136 1123 3197 immet
1153 3135 1236 3195 baim
1261 3132 1526 3216 Ziegelgusswerk

350 3240 523 3323 gabliebeo.
571 3240 719 3305 Laterum
753 3260 881 3325 quoque
912 3245 995 3303 notis
1025 3244 1230 3324 signatorum,
1262 3242 1316 3323 qui
1342 3239 1460 3302 Romae
1491 3248 1526 3303 et

350 3348 432 3411 circa
455 3346 585 3411 Romam
619 3350 740 3413 inventi
774 3357 855 3423 sunt,
888 3349 1069 3432 paucissimi
1103 3355 1224 3411 tantum
1258 3349 1445 3411 vetustiores
1475 3350 1525 3409 vi-

348 3456 467 3519 ·deutur
490 3474 559 3517 esse
583 3455 707 3519 saeculo
731 3476 759 3539 p.
784 3455 852 3520 Ohr.
877 3456 1042 3538 primo.¹⁸⁸)

440 3560 545 3637 Quare
563 3569 667 3627 statuo
679 3562 818 3625 Vitruvii
838 3561 1031 3643 temporibus
1045 3562 1181 3643 parietes
1191 3560 1317 3624 aedium
1327 3564 1523 3643 privatarum

350 3690 412 3733 uou
439 3689 455 3731 e
479 3669 665 3733 lateribus
689 3670 807 3733 coctis
831 3675 1008 3731 exstructos
1032 3687 1102 3731 esse
1132 3675 1163 3731 et
1185 3688 1225 3731 ne
1249 3669 1292 3731 ita
1317 3669 1455 3750 quidem,
1488 3678 1524 3731 ut

349 3776 470 3841 sartura
503 3776 707 3841 caementioia
740 3782 896 3839 structura
933 3782 1067 3838 testacea
1103 3776 1317 3852 induceretur,
1337 3778 1388 3855 ¹⁸⁹)
1420 3776 1476 3838 sed
1505 3796 1523 3838 e

350 3904 562 3911 m———u—

441 3952 502 4011 187)
522 3952 614 4005 Rhein.
635 3952 702 4005 llus.
725 3950 800 4005 1992.
821 3968 845 4017 p.
866 3952 899 4003 34
918 3967 958 4019 sq.

441 4024 502 4081 last
523 4024 543 4077 O
572 4023 593 4079 Ι.
612 4024 640 4077 L.
660 4023 712 4077 ΧΥ
731 4024 753 4075 l.
773 4022 832 4077 824.
853 4021 913 4075 tto.
933 4024 993 4075 899.
1017 4023 1083 4075 1322
1103 4038 1159 4090 sqq.
1179 4023 1260 4088 praei.
1280 4040 1305 4089 p.
1324 4022 1349 4077 9.

442 4096 501 4149 lutri
521 4095 656 4151 liliiruner.
677 4094 715 4149 lll
738 4112 760 4161 p.
783 4096 845 4147 iro:
872 4110 892 4145 z.
914 4094 941 4147 Z.
961 4094 1082 4148 l'itrur's
1106 4110 1194 4145 waren
1220 4093 1263 4145 ilie
1289 4095 1400 4145 rrreisten
1420 4094 1522 4147 Privat-

350 4164 447 4219 htuser
471 4166 583 4219 iulium
610 4182 638 4221 so
664 4164 824 4235 hengestellt,
853 4166 903 4217 our
929 4166 971 4217 ilio
989 4165 1163 4217 Brurlisteiue
1187 4168 1236 4216 nut
1254 4165 1522 4219 Barksteintuttor-

350 4237 612 4337 irrairp1·rr)i·erseherr
638 4239 692 4291 uuo
719 4238 766 4291 urit
786 4236 1012 4291 Hausteiuiautsn
1038 4237 1171 4304 eingeiasst
1191 4236 1467 4303 u'aruntVitr.118,
1488 4239 1521 4290 17
