3684 5217
796 512 1009 572 -51-

306 706 379 749 mas
412 688 475 749 iam
510 692 580 771 post
614 688 796 750 incendium
828 688 984 751 Gallicum
1019 691 1180 751 institutas
1215 708 1283 751 esse
1317 688 1488 751 verisimile

305 795 442 873 est3151)
480 802 565 857 certe
603 795 732 876 quidem
765 814 827 875 eae,
866 816 945 877 quas
979 796 1146 858 Vitruvius
1181 801 1340 873 memorat,
1377 812 1488 857 ornnes

306 898 459 963 Ciceroni
483 909 575 963 notae
599 901 750 976 fueram)

405 1023 493 1099 Quae
524 1025 694 1088 Vitruvius
727 1026 764 1088 de
797 1026 879 1089 inre
918 1045 1038 1108 aquae
1078 1026 1235 1105 significat
1266 1026 1360 1107 (VIII
1394 1028 1423 1103 6,
1456 1027 1488 1104 2)

306 1133 509 1195 accuratiore
539 1134 796 1214 interpretatione
827 1143 928 1215 egent.
976 1132 1061 1195 Dicit
1091 1136 1189 1195 enirn:
1224 1136 1318 1214 „item
1344 1132 1489 1195 emedio

305 1245 474 1321 ponentur
497 1238 621 1302 fistulae
644 1240 678 1300 iu
703 1259 815 1307 omnes,
842 1240 948 1302 lacus
979 1252 1009 1302 et
1039 1241 1238 1318 salientes,
1269 1258 1311 1302 cx
1335 1240 1432 1302 altero
1456 1242 1489 1301 in

307 1346 499 1426 balineae,
520 1353 556 1408 nt
577 1346 739 1429 vectigal
761 1349 931 1428 quotannis
950 1347 1067 1429 populo
1087 1352 1254 1429 praestent,
1275 1365 1381 1429 exque
1395 1348 1488 1408 tertio

306 1454 345 1514 in
371 1452 483 1515 domos
506 1454 688 1535 privatas,
714 1472 753 1515 ne
778 1453 857 1515 desit
877 1454 908 1514 in
930 1453 1065 1536 publico.
1091 1473 1160 1515 non
1187 1454 1284 1515 enim
1308 1458 1490 1536 poterunt

308 1561 504 1640 avertere,
537 1578 608 1621 cum
634 1560 803 1622 habuerint
826 1580 844 1622 a
868 1560 1060 1641 capitibus
1084 1562 1256 1642 proprias
1279 1560 1488 1622 ductiones,

309 1668 390 1729 'naec
414 1672 517 1728 autem
545 1685 642 1749 quare
666 1665 768 1728 divisa
792 1668 1021 1745 constituerim,
1046 1686 1101 1730 eae
1129 1673 1204 1730 sunt
1231 1686 1345 1729 causae
1368 1673 1403 1728 et
1431 1666 1489 1749 [sic

309 1775 433 1856 optime
457 1772 582 1856 Rosius]
615 1774 658 1835 uti
686 1775 741 1855 qui
765 1774 910 1855 privatim
937 1774 1055 1836 ducent
1085 1776 1117 1835 in
1148 1773 1256 1837 domos
1279 1772 1489 1855 vectigalibus

310 1886 496 1943 tueantur
527 1898 583 1962 per
612 1879 795 1962 publicanos
826 1900 983 1963 aquarum
1014 1882 1156 1945 ductus.“
1203 1879 1295 1955 Quod
1319 1879 1489 1943 Vitruvius

312 1988 362 2049 his
387 1986 493 2049 verbis
525 1992 657 2049 testatur
687 2007 745 2049 suo
776 1993 914 2070 ternpore
944 2008 1058 2069 aquam
1082 1990 1236 2071 tripartito
1260 1988 1387 2050 ductam
1411 2006 1488 2066 esse,
1593 1984 1598 1991 ’

312 2094 352 2155 ad
383 2113 479 2155 usum
510 2093 670 2176 publicum
701 2096 733 2156 in
766 2112 876 2156 omnes
906 2095 995 2156 lacus
1019 2101 1050 2157 et
1072 2096 1230 2172 salientes,
1243 2097 1297 2174 153)
1330 2095 1369 2156 ad
1393 2112 1487 2156 usum

312 2202 364 2262 vel
388 2200 552 2283 publicum
578 2202 628 2263 rel
661 2202 818 2283 privatum
849 2203 881 2263 in
909 2201 1058 2283 balineas,
1088 2202 1128 2264 ad
1151 2220 1244 2265 usum
1269 2203 1428 2285 privatum
1454 2202 1488 2261 in

314 2308 433 2387 domos,
459 2326 497 2369 ea
520 2311 637 2389 optime
661 2307 889 2370 confirmantur
913 2310 1092 2371 testimonio
1117 2308 1259 2372 Frontini
1283 2310 1325 2389 (2,
1346 2307 1415 2389 94);
1441 2327 1488 2369 se-

313 2416 427 2497 quitur
459 2420 495 2476 ut
525 2412 714 2494 indicemus,
756 2415 841 2496 quod
874 2416 926 2477 ius
959 2415 1153 2478 ducendae
1186 2416 1417 2497 tuendaeque
1449 2416 1490 2477 sit

312 2540 431 2604 aquae:
458 2540 594 2603 quorum
615 2522 748 2584 alterurn
767 2521 810 2583 ed
835 2522 1071 2585 cohibendos
1093 2524 1195 2585 intra
1218 2522 1367 2584 modum
1390 2522 1489 2603 impe-

313 2630 386 2691 trati
412 2626 556 2691 beneficii
579 2630 763 2711 privatos,
787 2628 920 2691 alterum
946 2627 985 2691 ad
1007 2630 1148 2711 ipsorum
1173 2630 1326 2692 ductuum
1354 2630 1490 2711 pertinet

312 2735 485 2798 tutelam.
545 2734 583 2796 ln
617 2735 733 2817 quibus
767 2735 842 2797 dum
877 2736 994 2798 altius
1027 2742 1132 2818 repeto
1166 2736 1250 2819 leges
1284 2734 1322 2797 de
1354 2735 1489 2817 singulis

313 2842 458 2924 perlatas,
492 2841 647 2923 quaedam
679 2843 762 2924 apud
786 2848 910 2906 veteres
941 2844 1032 2905 aliter
1058 2843 1223 2905 observata
1246 2843 1370 2905 inveni:
1404 2841 1490 2924 apud

314 2968 395 3030 qnos
420 2925 522 3011 omnis
546 2968 630 3031 aqua
653 2950 691 3010 in
716 2968 803 3012 usos
827 2949 1000 3030 publicos
1027 2949 1217 3024 erogabatur
1239 2955 1271 3011 et
1293 2951 1421 3011 cautum
1445 2950 1490 3011 ita

313 3056 387 3117 fuit:
413 3073 454 3115 ne
478 3056 551 3136 quis
574 3056 717 3138 privatus
741 3074 854 3137 aquam
880 3055 973 3118 aliarn
999 3057 1093 3119 ducat
1118 3076 1212 3138 quarn
1234 3075 1315 3138 quae
1339 3075 1381 3118 err
1403 3056 1490 3118 lacu

197 3153 201 3161 ’
313 3163 447 3224 humum
473 3162 586 3224 accidit
610 3162 701 3245 (haec
724 3164 807 3224 enim
832 3170 907 3225 sunt
933 3163 1028 3226 verba
1052 3165 1122 3226 eius
1146 3164 1236 3245 legis)
1267 3163 1299 3226 id
1334 3169 1382 3226 est
1405 3182 1489 3246 quae

314 3287 356 3331 ex
380 3270 451 3331 lacu
476 3268 662 3330 abundavit:
695 3286 765 3331 carn
789 3288 847 3331 nos
878 3270 1029 3332 caducam
1053 3290 1210 3333 vocamus.
1257 3270 1298 3331 Et
1322 3272 1399 3333 haec
1422 3272 1489 3352 ipsa

314 3395 379 3437 non
403 3375 437 3436 in
461 3375 558 3438 alium
583 3395 677 3438 usum
702 3396 796 3459 quam
821 3378 853 3438 in
878 3377 1099 3439 balnearum
1131 3382 1161 3439 et
1190 3377 1410 3440 fullonioarum
1435 3377 1488 3438 da·

315 3482 422 3545 batur:
448 3490 577 3564 eratque
597 3483 800 3565 vectigalis
819 3489 935 3546 statuta
954 3480 1107 3564 mercede,
1132 3486 1264 3566 quaein
1285 3484 1411 3567 publico
1429 3485 1489 3543 im-

405 3659 466 3719 151)
485 3657 614 3711 Karlowa.
651 3657 726 3711 Rom.
746 3657 931 3727 Rechtsgesch.
951 3659 979 3712 H
997 3677 1021 3728 p.
1042 3661 1102 3713 514.

405 3746 467 3814 152)
485 3746 544 3799 iura
562 3746 753 3800 stillicidiorum
772 3748 900 3814 parietum
918 3747 1049 3800 luminum
1067 3749 1099 3801 de
1118 3764 1155 3801 or.
1174 3747 1189 3800 Ι
1207 3747 1249 3814 38,
1265 3748 1324 3801 173.
1344 3748 1376 3799 de
1394 3746 1459 3814 legg.
1475 3746 1489 3800 Ι

316 3819 340 3884 4,
362 3819 404 3871 14.
441 3817 469 3871 Π
488 3817 530 3882 19,
550 3819 591 3870 47.
629 3818 690 3885 Tap.
706 3820 730 3876 5,
745 3817 788 3871 27.
808 3834 890 3886 aquae
909 3820 1005 3872 ductus
1023 3835 1070 3886 pro
1089 3818 1164 3873 Caco.
1183 3818 1227 3885 26,
1247 3820 1281 3871 74
1299 3818 1487 3874 armoniam.

315 3891 341 3942 in
360 3890 506 3942 Wissowae
524 3888 610 3941 lexico
629 3904 649 3941 s.
670 3906 693 3941 v.
713 3888 776 3941 Fest
795 3907 819 3956 p.
840 3891 892 3942 344
911 3890 946 3943 M.

406 3979 467 4045 153)
486 3978 519 4030 de
538 3977 576 4030 eis
591 3978 666 4031 docte
681 3978 731 4044 egit
746 3978 876 4030 Jordanus
889 3979 998 4046 Topogr.
1013 3978 1041 4032 II
1059 3996 1084 4046 p.
1098 3978 1133 4031 48
1147 3994 1207 4045 sqq3
1227 3978 1299 4031 lacus
1318 3981 1358 4031 est
1376 3977 1490 4045 „lacuna

316 4066 415 4118 magna,
445 4050 490 4103 ubi
517 4064 585 4115 aqua
611 4048 739 4101 contineri
767 4053 870 4116 potest*
900 4050 994 4116 (Varro
1014 4048 1030 4102 l.
1050 4050 1067 4103 l.
1087 4051 1111 4101 V
1130 4049 1173 4102 26.
1193 4050 1227 4104 ci.
1246 4049 1303 4101 LiV.
1323 4048 1365 4115 39,
1385 4049 1428 4111 44,
1448 4049 1487 4116 5);

316 4121 400 4173 omnis
413 4136 488 4187 aqua,
508 4136 575 4187 quae
590 4136 636 4188 per·
649 4120 827 4186 aquaeductus
840 4120 866 4171 in
882 4120 975 4172 urbem
989 4120 1147 4176 immittitur.
1167 4136 1235 4187 aqua
1248 4120 1344 4173 saliens
1354 4126 1401 4175 est.
1422 4136 1488 4187 quae

316 4193 343 4244 in
358 4191 462 4260 publico
481 4192 541 4243 salit
555 4191 653 4253 (Front.
667 4190 691 4257 2,
707 4191 764 4258 97);
784 4190 906 4243 salientes
920 4191 1000 4259 igitur
1015 4194 1110 4244 ductus
1123 4191 1271 4244 secundarii
1290 4194 1360 4256 suut,
1379 4194 1424 4258 qui
1444 4208 1490 4259 per

316 4261 539 4405 lsiqtgqpasletltubos
554 4278 648 4385 aquam
662 4262 689 4313 in
703 4262 779 4315 lacus
793 4262 939 4329 similiaque
954 4278 1032 4329 opera
1045 4263 1184 4314 effundunt
1197 4280 1219 4318 e.
1230 4278 1254 4329 q.
1266 4278 1285 4315 s.
1307 4265 1341 4319 cf.
1353 4262 1488 4319 naemu.-

387 4350 401 4387 0
431 4375 437 4387 .
467 4349 514 4388 .s
533 4351 559 4385 v.
589 4348 662 4387 acus.

1454 4441 1485 4491 4*
