3684 5217
827 530 1039 591 ..23-

345 710 523 793 peretur.²⁰)
577 706 670 783 Quod
700 707 823 771 duabus
854 708 892 770 de
923 708 1026 771 causis
1058 709 1136 770 mibi
1166 707 1327 790 probabile
1359 726 1423 770 non
1457 715 1517 770 est:

345 818 483 900 primum
519 815 606 897 quod
638 814 820 878 incendium
854 815 934 877 illud
973 834 1035 877 non
1076 822 1139 877 tam
1171 816 1342 877 vehemens
1374 814 1447 894 fuit,
1486 820 1522 876 ut

344 924 499 1005 templum
531 941 659 1004 quoque
687 920 899 1003 conflagrasse
927 921 1104 1004 putandum
1132 922 1181 1002 sit,
1209 940 1314 1003 neque
1339 920 1377 983 de
1406 923 1463 983 bac
1486 940 1521 983 re

343 1030 523 1113 quidquam
548 1030 776 1111 comperimus,
809 1028 923 1090 deinde
947 1028 1031 1111 quod
1056 1047 1097 1090 ex
1118 1028 1215 1091 Taciti
1240 1027 1347 1091 verbis
1371 1047 1521 1111 apparere

342 1139 475 1201 videtur
498 1136 650 1219 templum
676 1135 755 1198 illud
779 1154 842 1197 non
868 1136 962 1217 paulo
987 1140 1155 1217 antequam
1181 1136 1303 1219 equites
1327 1155 1363 1198 eo
1383 1142 1521 1217 egerent,

341 1245 492 1307 interisse
523 1280 564 1288 -
597 1242 753 1305 theatrum
785 1244 870 1304 enim
900 1247 971 1325 post
1002 1262 1121 1305 annum
1155 1241 1283 1305 demum
1316 1262 1344 1324 p.
1377 1240 1446 1305 Chr.
1478 1243 1520 1304 20

344 1350 558 1429 conflagrasse
583 1369 624 1412 ex
647 1350 709 1411 alio
732 1350 801 1411 loco
820 1348 918 1411 Ta'citi
939 1348 999 1422 (Ill
1018 1349 1074 1430 23)
1093 1349 1306 1431 colligendum
1330 1355 1379 1411 est
1397 1386 1442 1393 —
1465 1349 1520 1411 scd

347 1460 412 1519 iam
445 1458 640 1538 aliquantum
665 1457 815 1539 temporis
844 1457 1041 1539 praeterisse,
1070 1475 1111 1518 ex
1133 1475 1196 1537 quo
1224 1454 1338 1517 Romae
1362 1455 1521 1518 Fortunae

352 1566 502 1646 equestris
524 1564 677 1645 templum
702 1563 839 1638 exstitit;
871 1562 989 1625 nullam
1021 1564 1103 1625 enim
1135 1563 1207 1625 talis
1238 1563 1346 1645 templi
1378 1564 1521 1625 notitiam

351 1672 390 1734 ad
412 1670 507 1733 Taciti
531 1688 624 1733 aures
648 1670 828 1753 pervenisse
852 1669 947 1731 verba
970 1671 1039 1731 eius
1063 1670 1239 1751 significare
1264 1671 1338 1732 mibi
1362 1669 1521 1751 videntur,

348 1779 432 1861 quod
458 1796 534 1839 sano
557 1776 626 1839 fieri
649 1777 761 1859 potuit,
792 1776 819 1838 si
850 1776 1013 1857 aliquanto
1045 1782 1117 1838 ante
1141 1776 1182 1838 22
1214 1782 1388 1839 evanuerat
1416 1796 1521 1860 neque

345 1888 410 1947 iam
442 1886 477 1945 in
509 1885 672 1946 hominum
703 1885 854 1945 memoria
885 1890 960 1945 erat.
1016 1879 1137 1956 Quodsi
1170 1885 1404 1946 consideramus
1437 1902 1521 1945 anno

342 2014 369 2055 a.
381 1990 455 2053 Chr.
472 1993 511 2053 31
539 1992 708 2053 vehemens
730 1990 913 2052 incendium
935 1989 1286 2070 irrbomdovastass021)
1310 1999 1406 2073 atque
1425 1992 1520 2073 paulo

341 2106 415 2182 post
432 2100 537 2181 ipsum
555 2098 696 2179 Pompeii
710 2100 875 2176 theatrum,
891 2117 909 2158 a
927 2116 990 2179 quo
1007 2116 1104 2180 prope
1122 2097 1230 2159 aberat
1246 2098 1339 2160 aedes
1355 2097 1521 2178 Fortunae,

342 2208 526 2270 restitutum
547 2207 665 2286 esse,2¹t
684 2204 792 2286 aliqua
811 2223 882 2268 cum
902 2203 1122 2287 probabilitate
1139 2205 1186 2267 illi
1206 2206 1338 2288 tempori
1358 2206 1520 2267 interitum

345 2314 435 2376 aedis
451 2312 610 2375 Fortunae
626 2314 783 2394 equestris
806 2311 991 2391 tribuamus,
1013 2311 1100 2374 unde
1117 2313 1230 2373 iterum
1249 2319 1398 2394 appareat
1411 2312 1521 2374 Vitru-

345 2422 434 2482 vium
460 2425 533 2483 ante
551 2439 577 2481 a.
599 2421 638 2482 31
664 2420 835 2501 scripsisse.
879 2417 990 2499 Neque
1014 2436 1089 2481 vero
1113 2419 1187 2480 huic
1210 2424 1405 2499 argumento,
1434 2416 1522 2500 quod

349 2528 448 2608 magis
480 2528 662 2589 coniectura
701 2533 865 2589 assecutus
897 2544 970 2587 sum
1003 2544 1097 2607 quam
1131 2531 1215 2587 certa
1248 2526 1522 2605 argumentatione

354 2632 487 2713 probavi,
511 2639 629 2695 tantam
650 2634 715 2695 vim
736 2632 831 2719 tribui
852 2633 924 2694 volo
946 2638 1097 2713 quantam
1117 2632 1171 2711 eis,
1197 2651 1277 2713 quae
1301 2651 1397 2714 supra
1420 2632 1520 2710 attuli,

352 2738 542 2803 firmioribus
565 2745 596 2803 et
618 2739 828 2823 gravioribus.

436 2846 507 2909 Sed
538 2848 611 2909 iam
641 2848 734 2909 satis
759 2847 954 2928 disputavi
980 2846 1023 2908 de
1052 2847 1121 2925 eis,
1153 2845 1294 2928 quibus
1324 2851 1392 2907 aut
1419 2850 1522 2907 certo

345 2954 629 3017 demonstretur
660 2960 723 3017 aut
755 2953 953 3036 probabile
985 2953 1055 3014 fiat
1085 2952 1304 3015 Vitruvium
1338 2953 1376 3013 in
1409 2971 1523 3034 opere

344 3080 414 3123 suo
454 3060 733 3123 conscribendo
769 3062 842 3122 iam
881 3066 968 3121 ante
1001 3080 1028 3121 a.
1063 3061 1101 3121 31
1138 3065 1362 3142 occupatum
1394 3060 1521 3127 fuisse.

344 3166 452 3243 Quod
491 3168 650 3250 primum
679 3168 877 3249 exipsius
914 3166 958 3229 de
995 3174 1176 3249 tompore,
1214 3185 1286 3248 quo
1323 3166 1521 3246 scriberet,

345 3275 475 3337 verbis
508 3275 781 3354 conclusimus,
818 3275 887 3337 hoc
924 3272 1104 3336 stabilire
1140 3273 1255 3336 licuit
1292 3272 1521 3355 quibusdam

344 3383 585 3465 argumentis
618 3400 635 3443 e
668 3401 706 3445 re
742 3382 824 3464 ipsa
859 3382 1008 3463 petitis3
1051 3387 1164 3462 atque
1200 3400 1281 3443 cum
1319 3387 1522 3461 utrumque

344 3497 660 3570 argumentorum
695 3508 815 3571 genus
848 3507 914 3571 per
949 3506 987 3550 se
1022 3488 1143 3549 solum
1179 3488 1351 3549 nonnihil
1381 3487 1522 3563 valeat,

345 3596 452 3657 inter
481 3614 518 3657 se
548 3596 755 3657 coniuncta
778 3594 884 3658 ambo
908 3599 944 3657 et
974 3595 1198 3657 firmissima
1229 3600 1264 3656 et
1292 3594 1521 3675 gravissima

345 3720 431 3765 esse
455 3708 617 3784 apparet.
937 3784 942 3791 Ι

437 3807 531 3871 Nunc
563 3817 668 3871 autem
702 3810 808 3871 omnia
841 3828 877 3871 ea
912 3810 1094 3871 examinaro
1124 3813 1261 3890 oportet,
1295 3824 1376 3888 quae
1409 3805 1520 3867 eodem

345 3924 488 3997 tempore
516 3917 630 3999 scripta
658 3935 727 3979 esse
758 3922 929 3998 possunt,
964 3935 1027 3997 quo
1060 3916 1123 3995 illa,
1157 3933 1238 3996 quae
1271 3912 1365 3975 modo
1398 3912 1521 3994 collegi,

346 4023 463 4105 scripta
492 4042 559 4086 esse
587 4023 737 4105 debent,
766 4028 802 4085 ut
829 4023 1061 4104 intellegamus,
1091 4030 1242 4104 quantam
1271 4021 1372 4101 operis
1399 4025 1519 4102 partem

435 4197 480 4261 aot
499 4198 557 4253 Tac.
568 4215 627 4251 ann.
638 4197 731 4252 11172.
751 4196 843 4251 vlla.
863 4196 957 4252 Vellei.
976 4196 1004 4249 II
1016 4198 1074 4252 130.
1094 4196 1166 4251 Suet.
1185 4194 1239 4248 Tib.
1250 4195 1293 4260 47,
1304 4192 1413 4247 Richter
1422 4211 1446 4261 p.
1456 4193 1519 4247 228.

436 4268 481 4337 21)
500 4270 549 4325 Dio
568 4270 610 4325 50.
633 4270 676 4324 10:
696 4273 818 4337 καὶπῦρ
838 4259 907 4321 ἄλλα
927 4286 955 4321 τε
975 4262 1025 4320 οὐκ
1045 4262 1150 4336 ὀλίγα.
1171 4308 1178 4320 .
1197 4307 1203 4318 .
1224 4307 1230 4319 ,
1251 4268 1391 4336 ἔφθειρεν.

437 4340 481 4406 22)
500 4342 570 4395 Mon,
589 4344 655 4394 Ano.
675 4358 700 4407 p.
719 4340 762 4395 83.
800 4340 906 4393 Richter
924 4338 941 4394 l.
960 4338 978 4391 l.
998 4357 1022 4407 p.
1042 4338 1103 4391 228.
