3684 5217
824 472 1036 534 ..32-

343 646 593 727 Graeculus)
627 646 712 711 Ordo
736 650 840 712 autem
861 647 998 711 Doricus
1022 649 1140 713 dudum
1159 648 1223 712 luit
1241 648 1391 713 Romanis
1409 655 1520 732 nome,

342 773 413 816 enm
435 752 626 835 Corinthius,
650 775 743 838 quem
763 757 824 818 iam
844 754 878 817 in
898 756 1120 838 antiquissimo
1139 756 1257 819 Romae
1280 757 1404 839 templo,
1429 757 1519 840 quod

341 860 381 923 ed
415 880 472 923 nos
504 863 657 944 pervenit,
693 862 875 925 invenimus
891 864 938 942 43),
973 863 1189 946 maximopere
1229 862 1374 927 floruerit
1411 865 1523 927 aetate

341 967 593 1052 imperator·ia.⁴⁴)

429 1073 502 1137 Tria
525 1081 630 1138 autem
655 1076 855 1159 potissimum
879 1079 962 1153 sunt,
987 1095 1077 1159 quae,
1101 1078 1127 1140 si
1152 1078 1224 1159 quis
1248 1076 1416 1159 diligenter
1438 1076 1522 1160 legit

341 1180 482 1243 Vitruvii
506 1181 545 1245 de
569 1183 680 1245 ordine
705 1180 867 1245 Corinthio
898 1182 1004 1265 verba,
1035 1183 1157 1265 aliquid
1186 1182 1368 1246 offensionis
1398 1184 1521 1260 habere

341 1290 470 1372 possint.
497 1290 543 1351 Ac
562 1290 702 1372 primum
723 1290 850 1371 quidem
875 1288 1047 1373 Ussingius
1070 1293 1102 1352 in
1128 1309 1164 1353 eo
1189 1291 1348 1373 quondam
1374 1290 1520 1374 offendit,

341 1396 427 1478 quod
450 1394 616 1459 Vitruvius
640 1397 792 1479 praecipit
815 1399 936 1477 „cetera
959 1397 1107 1476 membra,
1132 1416 1213 1478 quae
1233 1416 1329 1479 supra
1348 1397 1519 1461 columnas

343 1500 547 1586 [Corinthius]
571 1505 790 1587 imponuntur,
814 1507 868 1565 aut
892 1522 909 1565 e
932 1502 1056 1566 Derieis
1086 1505 1280 1584 symmetriis
1311 1509 1367 1566 aut
1396 1502 1518 1568 Ionicis

340 1610 483 1673 moribus
501 1611 534 1671 in
546 1609 717 1673 Corinthiis
737 1609 894 1671 columnis
913 1609 1135 1672 conlocantnr“
1154 1612 1195 1693 (p.
1207 1611 1258 1687 84,
1270 1611 1381 1690 7-9),
1407 1616 1516 1674 tamen

340 1716 421 1778 hanc
445 1718 699 1779 coniunctionem
731 1716 877 1778 ordinum
909 1718 971 1778 iam
994 1714 1101 1779 Paesti
1124 1718 1306 1779 invenimus
1329 1718 1361 1779 in
1387 1718 1517 1801 templo,

342 1823 427 1904 quod
451 1824 536 1886 tertii
559 1844 585 1885 a.
610 1821 681 1885 Chr.
706 1823 826 1886 saeculi
849 1824 953 1906 priore
977 1823 1105 1886 dimidio
1128 1822 1249 1886 lactum
1273 1825 1373 1904 est.⁴⁵)

429 1945 551 2010 Deinde
580 1946 750 2009 Vitruvius
779 1948 855 2009 dicit
885 1946 935 2028 „in
964 1949 1115 2011 extremis
1143 1949 1269 2030 angulis
1298 1949 1518 2032 semimetopia

340 2072 409 2117 esse
432 2054 660 2137 imprimendal
690 2056 729 2136 (p.
756 2054 806 2134 92,
832 2056 871 2116 15
896 2055 968 2136 sq.);
1000 2056 1086 2137 quod
1109 2062 1312 2138 praeceptum
1342 2056 1376 2117 in
1400 2074 1516 2117 monu-

339 2162 462 2241 mentis
492 2179 573 2244 quae
597 2161 636 2223 ad
660 2180 717 2223 nos
745 2167 968 2243 pervenerunt,
995 2181 1155 2245 nusquam
1178 2162 1282 2225 adhuc
1310 2161 1515 2225 observatum

340 2287 408 2331 esse
433 2268 586 2331 videmus.
597 2269 635 2349 46)
689 2266 750 2331 Sed
774 2268 947 2330 tenendum
975 2274 1022 2330 est
1044 2268 1124 2331 illud
1147 2274 1348 2352 praeceptum
1373 2273 1404 2331 et
1427 2288 1516 2332 mera

339 2375 578 2438 ratiocinatione
595 2374 741 2438 effectum
759 2394 827 2437 esse
843 2393 934 2457 posse
952 2392 1058 2457 neque
1075 2377 1181 2438 omnia
1196 2376 1289 2437 nobis
1307 2383 1514 2439 monumenta

340 2488 473 2564 servata,
505 2482 560 2545 sed
586 2483 758 2544 maximam
784 2501 893 2545 eorum
917 2487 1038 2565 partem
1068 2482 1227 2545 oblivione
1257 2482 1402 2545 obrutam
1427 2501 1513 2560 esse;

338 2597 421 2653 certe
454 2597 558 2653 autem
593 2590 631 2652 de
665 2595 813 2672 tempore,
848 2609 911 2672 quo
944 2589 1112 2653 Vitruvius
1144 2589 1279 2672 scripsit,
1313 2607 1354 2652 ex
1388 2589 1446 2652 hac
1478 2610 1515 2654 re

338 2698 444 2779 colligi
468 2697 547 2758 nihil
570 2704 681 2780 potest.

427 2803 573 2887 Denique
596 2810 681 2867 vetat
708 2803 874 2867 Vitruvius
897 2805 931 2866 in
954 2803 1086 2887 fastigiis
1110 2802 1287 2866 denticulos
1310 2802 1378 2865 fieri
1401 2802 1442 2886 (p.
1460 2804 1514 2885 90,

339 2913 356 2973 7
378 2909 440 2993 sql;
466 2912 525 2973 hoc
549 2930 622 2973 vero
647 2912 724 2992 quin
749 2930 789 2973 ex
807 2910 897 2974 fonte
921 2911 1029 2992 aliquo
1049 2910 1227 2992 antiquiore
1247 2910 1449 2992 descripserit
1468 2948 1512 2956 —

337 3016 376 3079 de
407 3018 548 3099 antiquis
578 3018 644 3100 ipse
673 3018 816 3101 loquitur
849 3018 868 3082 l.
899 3018 918 3080 l.
957 3055 997 3063 -
1036 3017 1168 3079 dubium
1198 3036 1264 3078 non
1296 3021 1357 3096 est;
1395 3019 1513 3100 apertis

337 3129 441 3187 autem
474 3122 579 3186 verbis
613 3143 703 3186 suam
737 3125 775 3187 de
806 3124 866 3187 hac
894 3142 930 3186 re
962 3123 1143 3205 opinionem
1175 3124 1401 3206 pronuntiavit
1435 3126 1512 3209 quio

338 3229 465 3292 videbat
483 3229 642 3293 Romanos
662 3232 695 3293 in
713 3231 848 3314 fastigiis
868 3229 1042 3293 denticulos
1066 3229 1230 3293 admittere
1257 3230 1366 3294 solitos
1390 3232 1511 3314 esse,⁴⁷)

336 3337 369 3399 id
394 3336 478 3419 quod
502 3338 650 3419 antiquos
673 3345 801 3401 secutus
824 3336 988 3420 improbat.

425 3512 469 3579 42)
488 3513 573 3565 Durm
591 3512 608 3566 l.
628 3512 644 3569 l.
665 3531 689 3581 p.
709 3514 769 3566 373.

424 3585 469 3655 43)
489 3584 563 3637 Rom.
584 3584 651 3637 Mitt.
673 3583 741 3639 1895
759 3601 785 3651 p.
807 3585 838 3637 17
860 3582 990 3652 (Hiilsen).
1028 3582 1321 3650 Sp1·inger·lllichaelis.⁷
1358 3584 1464 3640 Handb.
1485 3587 1510 3638 d.

335 3656 510 3724 Kunstgesch.
530 3655 586 3723 lp.
606 3656 666 3709 373.

424 3729 470 3795 44)
490 3726 722 3795 Springer-Mich.⁷
740 3743 765 3794 p.
785 3725 846 3781 389.

424 3801 469 3869 45)
488 3798 801 3867 Koldewey-Puchstain
835 3797 902 3867 „Die
935 3797 1032 3866 griech.
1060 3797 1167 3867 Tempel
1195 3798 1223 3850 in
1250 3797 1426 3851 Unteritalien
1454 3799 1512 3851 und

335 3869 459 3996 Siiffieng
487 3870 556 3925 1899
581 3888 606 3939 p.
632 3869 674 3924 32.
699 3871 734 3926 cl.
758 3869 837 3923 ctiam
861 3868 961 3923 Krohn.
999 3868 1067 3923 Berl.
1086 3868 1180 3923 Philol.
1199 3868 1392 3924 Wochanschr.
1431 3868 1509 3923 1897.

336 3957 384 3995 cn.
405 3944 464 3995 77.

423 4013 469 4082 46)
489 4012 712 4081 Perrot-Chipiez.
749 4012 863 4067 Histoire
882 4013 915 4065 de
933 4012 993 4066 l’art
1011 4013 1076 4066 dans
1094 4008 1248 4079 l’antiquitd.
1286 4010 1339 4064 VII
1356 4027 1382 4078 p.
1400 4010 1452 4064 493
1469 4026 1509 4079 sq.

423 4084 469 4151 47)
488 4085 522 4136 cf.
542 4084 632 4138 Noaclr
668 4083 763 4139 Philol.
801 4084 842 4138 58.
863 4102 888 4153 p.
909 4084 950 4138 18.
996 4084 1081 4137 Dnrm
1104 4081 1121 4136 l.
1140 4082 1158 4139 1.
1177 4099 1202 4150 p.
1221 4081 1274 4136 386
1298 4081 1422 4138 Ceterum
1445 4097 1509 4135 oon·

335 4154 447 4208 suetudo
465 4154 510 4208 illa
521 4154 702 4210 Romanorum
716 4154 858 4209 manifesta
871 4157 912 4209 est
925 4155 953 4208 in
971 4155 1082 4222 piotun's
1099 4169 1203 4223 quoque
1220 4153 1388 4222 Pompeianis
1405 4152 1510 4221 generis

335 4226 414 4349 qupld1
415 4225 520 4350 91110111ὲ1
543 4226 623 4295 primi
643 4231 669 4282 et
688 4227 805 4285 alterius.
830 4226 864 4280 ct'.
884 4226 955 4295 Mau,
974 4225 1095 4294 Pompeii
1113 4226 1141 4278 in
1159 4224 1249 4279 Leben
1266 4242 1293 4280 u.
1313 4225 1409 4279 Kunst.
1439 4222 1510 4279 1900
