3684 5217
732 1214 845 1298 Caput
867 1215 1038 1298 primurn.

337 1354 395 1451 lle
432 1360 628 1476 tempore,
663 1386 743 1476 quo
777 1354 992 1452 Vitruvius
1025 1355 1112 1476 ipse
1145 1387 1191 1453 se
1224 1356 1438 1477 scripsisse

462 1497 623 1606 indicat,
656 1498 889 1594 accuratius
922 1496 1304 1595 circumscribendo.

386 1678 591 1760 Argumenta,
617 1677 734 1759 quibus
756 1678 803 1740 usi
823 1683 898 1740 sunt
920 1677 1064 1759 plerique
1086 1679 1145 1741 viri
1165 1678 1247 1742 docti
1273 1679 1311 1741 ad
1338 1685 1473 1763 tempus,

291 1792 360 1867 'quo
381 1783 548 1847 Vitruvius
572 1785 755 1867 scripsisset,
778 1784 1023 1862 terminandum,
1047 1786 1144 1865 petita
1168 1793 1256 1847 erant
1280 1805 1321 1849 ex
1345 1787 1473 1849 indiciis

298 1890 497 1973 quibusdam,
509 1910 590 1973 quae
600 1890 882 1974 suppeditabantur
891 1892 1188 1954 commemoratione
1198 1897 1229 1954 et
1241 1892 1470 1975 significatione

295 2016 401 2061 rerum
441 1998 640 2079 quarundam
679 1995 742 2060 fide
783 1998 932 2060 historiae
971 1997 1257 2079 comprobaturum,
1298 2000 1473 2080 bominum,

296 2103 520 2185 aedificiorum,
544 2124 651 2167 rerum
675 2109 852 2186 gestarum3
883 2103 968 2165 unde
991 2103 1122 2186 proiecti
1145 2105 1365 2187 anquirebant,
1389 2124 1473 2187 quae

297 2211 336 2273 de
360 2212 409 2273 his
432 2210 527 2273 rebus
550 2210 679 2273 aliunde
707 2216 866 2292 comperta
888 2209 1086 2290 haberemus
1110 2211 1295 2292 collatisque
1323 2212 1368 2273 eis
1395 2230 1469 2273 cum

274 2318 439 2380 ‘Vitrurii
470 2310 654 2381 auctoritate
684 2322 800 2379 certam
831 2318 986 2379 rationem
1019 2316 1079 2378 sibi
1102 2318 1263 2378 invenisse
1295 2317 1353 2378 visi
1383 2321 1470 2396 sunt,

297 2445 360 2507 qua
383 2431 514 2507 tempus,
540 2444 603 2507 quc
624 2424 791 2487 Vitruvius
811 2424 996 2506 scripsisset,
1016 2428 1159 2485 accurate
1179 2421 1308 2484 definire
1331 2427 1470 2505 possent.

296 2532 356 2595 Sed
387 2532 530 2615 plerique
561 2532 591 2594 id
624 2531 717 2615 plane
740 2531 952 2613 neglexerunt
980 2548 1139 2612 quaerere,
1168 2536 1275 2592 utrum
1299 2530 1471 2591 continuos

296 2658 405 2702 omnes
442 2639 550 2702 decem
589 2638 684 2701 libros
721 2644 752 2701 et
784 2638 1023 2719 conscripsisset
1060 2645 1091 2699 et
1127 2635 1291 2715 edidisset,
1328 2656 1367 2698 an
1406 2636 1471 2697 alio

296 2751 436 2829 tempore
460 2747 643 2829 scripsisset,
669 2746 730 2807 alio
755 2745 914 2824 edidisset,
942 2762 982 2805 an
1011 2744 1154 2825 singulos
1177 2743 1276 2806 libros
1298 2748 1468 2826 postquam

295 2855 480 2936 composuit,
512 2855 617 2915 statim
652 2852 809 2915 edidisset.
865 2848 989 2913 Deinde
1022 2850 1099 2912 haec
1130 2851 1210 2913 ratio
1242 2869 1315 2913 cum
1347 2868 1403 2933 per
1435 2868 1473 2912 se

295 2961 440 3023 reclusit
463 2966 494 3022 et
516 2958 674 3021 interdum
700 2960 802 3037 unica,
826 2977 889 3040 qua
912 2959 961 3020 uti
983 2957 1057 3019 licet
1080 2956 1119 3017 ad
1143 2962 1275 3038 tempus,
1300 2969 1368 3039 qne
1387 2956 1488 3019 litte.

295 3085 400 3129 rarum
430 3066 558 3148 aliquod
589 3071 832 3128 monumentum
859 3065 1012 3147 scriptum
1041 3064 1092 3125 vel
1116 3061 1236 3125 editum
1259 3064 1309 3142 sit,
1335 3064 1471 3125 circum·

295 3171 505 3253 scribendum,
524 3177 630 3235 tumen
651 3191 754 3254 neque
774 3191 897 3253 semper
915 3176 979 3233 tam
998 3175 1083 3232 certa
1102 3174 1157 3251 est,
1176 3176 1212 3233 ut
1231 3188 1357 3232 omnem
1377 3168 1471 3231 dubi·

295 3280 445 3343 tationem
475 3284 644 3360 removeat,
676 3284 707 3341 et
736 3280 770 3341 in
800 3280 868 3361 ipso
894 3278 1042 3339 Vitruvio
1067 3277 1125 3338 boc
1147 3277 1242 3340 habet
1266 3275 1472 3356 difficultatis,

295 3386 381 3470 quod
406 3386 572 3466 nescimus,
597 3391 754 3467 quatenus
773 3391 868 3468 atque
888 3405 951 3468 qua
969 3386 1090 3447 ratione
1108 3383 1250 3445 fontibus
1274 3402 1351 3445 usus
1374 3383 1468 3445 sitin

295 3492 533 3557 conscribendis
557 3492 619 3554 illis
638 3492 736 3574 libris,
759 3498 795 3555 ut
814 3491 948 3555 dubium
968 3492 1017 3572 sit,
1040 3496 1149 3553 utrum
1168 3508 1213 3569 ea,
1239 3507 1321 3569 quae
1343 3489 1472 3570 profert,

295 3601 415 3663 auctori
444 3599 540 3661 alicui
570 3598 682 3661 debeat
710 3618 750 3662 an
779 3617 856 3661 suae
879 3598 981 3681 ipsius
1005 3598 1175 3660 doctrinae.
1221 3592 1326 3669 Qruare
1348 3595 1467 3658 facturn

295 3713 351 3788 est,
374 3711 411 3769 ut
433 3708 575 3769 virorum
603 3705 768 3768 doctorum
788 3705 963 3768 sententiae
987 3704 1025 3766 de
1045 3704 1102 3765 hac
1124 3721 1159 3765 re
1177 3707 1242 3765 tam
1262 3703 1370 3764 variae
1389 3708 1470 3763 taru-

295 3832 358 3897 que
377 3813 519 3876 diversae
539 3831 608 3875 esse
627 3817 763 3894 possent.
797 3811 965 3875 Praeterea
983 3811 1044 3871 viri
1063 3808 1147 3871 docti
1166 3828 1230 3871 ncn
1251 3810 1357 3871 omnia
1376 3827 1472 3890 argu·

295 3924 401 3982 menta
429 3925 460 3983 et
486 3919 613 4000 indicia,
643 3937 725 4001 quae
752 3919 784 3980 in
813 3918 866 3980 tali
897 3918 1080 4000 quaestione
1107 3917 1140 3977 in
1172 3934 1301 3979 censum
1325 3915 1471 3995 veniunt,

294 4034 438 4090 accurate
471 4027 748 4107 examinaverunt,
781 4023 837 4088 sed
868 4044 934 4088 uno
964 4024 1016 4088 vel
1044 4024 1152 4087 altero·
1173 4021 1313 4085 adhibito
1345 4021 1468 4103 reliqua

293 4134 511 4218 neglexerunt.

384 4240 489 4304 Velim
529 4241 705 4305 recorderis
740 4238 830 4302 verbi
866 4257 962 4301 causa
998 4236 1118 4300 Hirtii
1155 4236 1471 4320 argumentationem,

294 4368 390 4433 quam
422 4347 481 4410 tibi
513 4367 610 4431 supra
641 4349 681 4431 (p.
706 4348 737 4429 5)
763 4347 924 4430 proposui.
968 4344 1096 4408 Etenim
1128 4363 1203 4407 cunr
1233 4340 1296 4405 Dio
1328 4343 1391 4424 (43,
1412 4344 1471 4419 45)
