3684 5217
880 562 1108 621 ..5-.

480 741 587 822 Atque
617 738 706 802 brevi
736 744 807 821 post
836 758 910 801 eum
944 743 1083 821 tempore
1113 739 1312 817 exstiterunt,
1345 739 1402 819 qui
1430 739 1566 821 vestigia

389 847 460 910 eius
471 851 656 929 premerent.
693 844 852 927 interpres
866 846 951 908 enim
963 843 1105 907 Vitruvii
1118 844 1327 925 Britannicus,
1347 844 1565 909 Guilelmus

389 952 420 1015 N
427 953 608 1033 ewton‚¹⁵)
631 953 666 1014 in
689 953 882 1034 praefatione
906 952 1061 1013 versionis
1084 970 1160 1013 suae
1179 950 1363 1014 Vitruvium
1380 951 1440 1016 Titi
1464 958 1567 1015 aetate

390 1062 511 1123 vixisse
538 1061 570 1122 et
592 1059 639 1122 illi
662 1059 846 1141 imperatori
876 1078 957 1140 opus
988 1077 1081 1121 suum
1110 1059 1234 1120 misisse
1257 1077 1374 1149 magno
1396 1076 1567 1143 argumen-

389 1172 495 1229 torum
519 1184 652 1229 numero
675 1166 796 1247 prolato
820 1164 989 1227 contendit
1035 1164 1097 1227 Sed
1115 1170 1304 1247 argumenta
1328 1166 1397 1227 eius
1420 1171 1567 1229 accurate

390 1274 574 1335 examinata
611 1272 717 1333 omnia
753 1277 955 1348 corruerunt3
997 1272 1074 1333 satis
1111 1272 1196 1333 enim
1233 1289 1270 1335 ea
1307 1271 1505 1355 infregerunt
1531 1277 1567 1335 'et

391 1378 638 1441 debilitaverunt
656 1379 716 1439 viri
735 1377 1210 1459 doctiHirt1⁶)etMariniV);
1231 1396 1289 1460 ego
1309 1397 1439 1460 qnoque
1456 1384 1567 1461 postea

394 1484 559 1547 occasione
579 1484 682 1547 oblata
700 1484 853 1547 nonnulla
872 1490 1067 1567 argumenta,
1087 1484 1204 1566 quibus
1221 1484 1355 1567 probare
1374 1485 1567 1549 studuerunt

396 1596 428 1653 et
445 1591 500 1653 ille
520 1591 621 1653 etalii
640 1598 710 1674 post
729 1610 799 1654 eum
821 1576 1005 1654 Vitruvium
1026 1590 1205 1654 Flaviorum
1225 1591 1420 1674 temporibus
1438 1592 1566 1673 vixisse,

393 1698 421 1760 si
441 1700 568 1760 omnino
587 1699 813 1761 memoratione
831 1698 928 1781 digna
945 1716 1051 1779 neque
1066 1718 1196 1780 prorsus
1212 1700 1318 1780 inepta
1334 1702 1418 1780 sunt,
1433 1700 1567 1762 strictim

391 1804 529 1867 refutare
548 1803 689 1867 studebo.
729 1804 791 1867 Sed
811 1804 850 1867 de
868 1803 973 1868 Hirtio
993 1810 1024 1867 et
1043 1804 1177 1867 Marinio
1197 1806 1289 1888 plura
1307 1805 1405 1869 verba
1422 1806 1567 1870 facienda

390 1924 480 1988 sunu
506 1913 622 1974 etenim
642 1930 715 1975 cum
735 1917 828 1975 antea
846 1912 906 1973 viri
927 1911 1009 1975 docti
1028 1912 1106 1975 satis
1125 1912 1275 1975 baberent
1294 1914 1442 1976 statuisse
1456 1911 1567 1977 Vitru-

392 2020 480 2080 vium
501 2020 648 2101 Augusto
671 2018 768 2080 libros
792 2037 866 2081 suos
890 2020 1021 2101 misisse,
1045 2020 1092 2081 illi
1110 2021 1204 2102 primi
1222 2021 1399 2083 accuratius
1422 2039 1567 2102 perscru-

389 2128 447 2187 tati
470 2131 554 2205 sunt,
580 2143 718 2206 quonam
744 2131 883 2208 tempore
907 2125 966 2189 sub
992 2128 1139 2209 Angusto
1162 2127 1346 2209 scripsisset.

480 2254 588 2332 Atque
611 2249 764 2311 Hirtius
795 2250 858 2312 duo
882 2257 966 2313 certa
991 2259 1177 2333 argumenta
1207 2252 1267 2313 sibi
1296 2252 1456 2314 invenisse
1479 2254 1567 2314 visus

389 2364 446 2435 est
471 2357 555 2439 qnod
575 2356 744 2419 Vitruvius
768 2364 799 2419 et
821 2358 930 2419 aedem
956 2356 1082 2432 Quirini
1106 2365 1294 2421 memoraret
1321 2376 1427 2441 neque
1445 2360 1567 2421 theatra

394 2462 486 2524 Balbi
505 2470 536 2524 et
557 2462 695 2525 Marcelli
715 2464 863 2544 novisset,
887 2484 960 2527 cum
981 2465 1021 2527 de
1038 2464 1182 2548 Pompeii
1205 2465 1273 2527 solo
1297 2466 1418 2527 theatro
1441 2466 1565 2548 lapideo

394 2569 491 2630 verba
519 2568 647 2647 faceret3
678 2570 771 2633 aedes
800 2575 905 2634 autem
931 2569 1056 2645 Quirini
1087 2590 1170 2633 anno
1200 2591 1226 2633 a.
1251 2569 1320 2634 Obr.
1344 2572 1387 2633 49
1417 2572 1565 2636 incendio

394 2679 581 2757 consumpta
604 2674 674 2753 (Dio
698 2678 749 2758 41,
774 2676 828 2759 14)
859 2698 930 2740 cum
954 2684 1063 2761 postea
1087 2677 1125 2740 ab
1149 2681 1298 2760 Augusto
1329 2678 1444 2741 reiecta
1467 2679 1565 2762 (Mon.

393 2783 475 2844 Ano.
500 2784 528 2863 l,
553 2783 571 2845 6
596 2783 658 2863 lat.)
682 2790 713 2846 et
736 2803 818 2875 apno
843 2804 869 2847 a.
894 2784 964 2849 Chr.
990 2786 1030 2847 16
1056 2785 1199 2848 dedicata
1222 2790 1305 2848 esset
1327 2783 1401 2865 (Dio
1426 2787 1477 2865 54,
1502 2787 1565 2861 19.)

390 2895 488 2970 atque
507 2888 599 2951 Balbi
623 2896 654 2953 et
672 2888 815 2953 Marcelli
837 2892 958 2955 theatra
982 2894 1074 2954 annis
1095 2894 1134 2954 13
1156 2898 1186 2954 et
1206 2893 1244 2953 ll
1270 2897 1432 2954 exstructa
1451 2899 1567 2976 essent,

390 2996 484 3077 sequi
509 2994 694 3059 Vitruvium
717 2998 801 3059 intra
824 3016 926 3061 annos
950 3018 975 3061 a.
1001 2997 1071 3061 Ohr.
1099 3000 1137 3061 16
1162 3003 1194 3061 01
1218 3000 1258 3061 13
1282 2998 1380 3061 libros
1404 2998 1444 3062 de
1466 3000 1567 3062 archi-

390 3107 513 3164 tectura
532 3104 749 3185 composuisse
768 3110 798 3167 et
817 3105 968 3183 edidisse3
995 3124 1076 3188 quae
1099 3107 1253 3181 sententia
1277 3106 1460 3170 etiamnunc
1482 3106 1564 3189 apud

391 3208 561 3291 plerosque
590 3211 677 3273 viros
707 3210 817 3274 doctos
846 3213 1034 3295 pervulgata
1064 3220 1125 3288 est3
1159 3213 1214 3275 sed
1245 3232 1321 3275 num
1352 3219 1436 3276 stare
1458 3214 1567 3297 possit,

390 3318 501 3397 postea
524 3316 711 3379 videbimus

482 3438 635 3515 Quamvis
659 3443 743 3505 enim
766 3451 857 3506 acute
876 3446 1055 3524 excogitata
1074 3464 1143 3508 esse
1161 3445 1316 3527 videatur,
1340 3449 1445 3507 tamen
1465 3444 1566 3507 multo

392 3548 493 3629 magis
523 3548 700 3612 laudandus
730 3557 778 3613 est
807 3570 877 3613 mea
908 3552 1037 3633 quidem
1071 3553 1227 3615 sententia
1257 3550 1456 3632 Marinius,
1493 3568 1567 3612 cum

390 3652 470 3715 dicit
494 3655 524 3737 (l.
548 3654 567 3717 l.
591 3674 621 3737 p.
644 3654 726 3718 XVI
749 3656 813 3739 sq):
839 3656 929 3739 „Duo
953 3660 986 3720 in
1011 3644 1151 3721 Vitruvii
1175 3676 1268 3741 opere
1292 3663 1431 3740 tempora
1457 3656 1569 3719 distin-

389 3761 520 3843 guenda
536 3768 623 3824 sunt:
646 3782 746 3826 unum
763 3766 883 3828 scilicet
899 3767 1142 3849 conscriptionis
1157 3772 1188 3828 et
1203 3765 1410 3827 dedicationis
1423 3764 1567 3826 alterum.

392 3866 445 3929 Ex
468 3868 528 3930 hac
551 3873 728 3952 temporum
758 3870 942 3935 diversitate
970 3874 1049 3935 ratio
1079 3875 1142 3956 peti
1166 3877 1268 3955 potest
1291 3870 1479 3953 explicandi,
1510 3889 1569 3933 cur

484 4045 527 4111 15)
546 4044 600 4097 The
628 4045 811 4098 Architecture
838 4047 866 4097 ol
891 4046 928 4100 M.
950 4048 1088 4101 Vitruvius
1115 4046 1205 4101 Pollio.
1242 4044 1395 4098 Translated
1422 4046 1491 4099 from
1519 4047 1568 4100 the

392 4112 502 4181 original
515 4114 581 4169 latin
594 4115 630 4183 by
643 4116 686 4169 W.
701 4116 819 4169 Newton.
858 4116 979 4170 Londinii
994 4119 1071 4172 1771.
1104 4122 1186 4185 repet.
1202 4118 1279 4171 1791.
1307 4115 1417 4170 Librum
1428 4117 1516 4186 ipsum
1525 4118 1569 4170 in·

389 4186 494 4253 spicere
512 4186 578 4239 mihi
596 4203 650 4240 non
667 4187 750 4240 licuit.

484 4274 528 4342 16)
547 4276 629 4344 Wolf,
648 4276 771 4330 Museum
789 4278 837 4330 der
854 4276 1036 4331 Altertumsvv.
1055 4277 1076 4330 1.
1097 4295 1121 4345 p.
1140 4276 1194 4331 228
1212 4293 1267 4345 sqq.

483 4365 528 4429 17)
547 4364 574 4417 in
593 4365 713 4419 editionis
730 4382 794 4420 suae
813 4367 921 4435 (Romae
942 4366 1021 4433 1836)
1039 4366 1200 4435 praelatione
1218 4384 1243 4435 p.
1263 4366 1416 4423 Ili-XIV.
