3684 5217
803 492 1018 554 -76-

414 666 534 743 Quodsi
554 669 803 731 additamentum
824 670 857 730 in
878 670 925 731 bis
941 668 1082 731 Vitruvii
1101 669 1207 732 verbis
1226 672 1330 733 inesse
1348 675 1498 753 putamus

324 776 455 839 minime
488 782 593 838 tamen
627 794 705 857 opus
738 782 784 838 est
817 775 944 838 credere
977 794 1014 838 ea
1045 784 1116 859 post
1146 795 1266 839 aunum
1297 776 1425 839 demum
1456 776 1497 837 16

323 882 440 965 scripta
466 900 546 959 esse;
571 886 669 945 innuo
689 901 760 945 cum
781 888 864 944 recte
883 881 1147 959 Mommsenus³⁸l
1172 883 1389 946 observaverit
1407 902 1500 965 posse

325 1008 440 1051 novam
465 990 574 1052 aedem
599 989 720 1071 aliquot
743 990 835 1051 annis
861 997 935 1051 ante
958 1010 983 1051 a.
1012 992 1050 1052 16
1075 991 1253 1053 incohatam
1280 1008 1350 1052 esse
1374 992 1500 1053 vetusta

326 1096 404 1159 aede
425 1096 540 1168 diruta,
565 1102 601 1158 ut
624 1114 708 1158 nova
730 1096 837 1159 eodem
864 1097 932 1158 solo
956 1096 1046 1160 fieret
1060 1134 1101 1141 —
1117 1098 1300 1159 memineris
1322 1115 1399 1159 vero
1418 1116 1501 1158 anno

325 1223 351 1267 a.
376 1201 447 1265 Chr.
473 1204 514 1265 28
541 1208 686 1286 Augusto
711 1203 827 1285 templa
850 1202 1019 1266 reficienda
1043 1204 1146 1266 delata
1168 1222 1237 1266 esse
1259 1202 1310 1285 (cf.
1329 1223 1358 1284 p.
1379 1204 1433 1278 20)
1458 1241 1499 1249 -

324 1318 357 1373 ct
381 1309 547 1373 Vitruvius
571 1312 615 1373 nil
641 1312 702 1373 uisi
726 1311 861 1373 formam
893 1317 924 1372 et
947 1310 1088 1373 ordinem
1120 1310 1231 1393 templi
1261 1316 1387 1392 spectet,
1419 1329 1502 1392 quae

325 1418 495 1499 conspicua
515 1436 583 1480 esse
602 1424 746 1500 poterant
764 1419 827 1479 iam
847 1418 943 1499 paulo
965 1425 1128 1500 postquam
1152 1435 1235 1480 nova
1258 1417 1353 1479 aedes
1377 1418 1502 1480 exstrui

325 1530 435 1606 coepta
466 1532 521 1604 est,
551 1524 631 1587 nihil
661 1525 786 1587 videtur
817 1524 950 1605 obstare,
981 1526 1058 1605 quin
1089 1530 1266 1586 statuamus
1290 1542 1327 1586 eo
1351 1533 1502 1605 tempore,

327 1632 412 1713 quod
430 1631 501 1693 aliis
520 1651 648 1713 quoque
665 1631 790 1694 indiciis
807 1631 962 1715 probatur
975 1630 1023 1708 (cl.
1043 1651 1071 1713 p.
1093 1632 1133 1694 70
1154 1631 1203 1714 sq)
1221 1650 1262 1693 sc.
1280 1649 1305 1693 c.
1320 1649 1440 1692 annum
1461 1633 1503 1693 24

327 1738 405 1799 baec
436 1739 499 1799 iam
530 1740 672 1820 potuisse
703 1738 795 1801 scribi
827 1737 1030 1814 aVitruvi03
1063 1738 1229 1820 posteriori
1255 1738 1341 1800 enim
1364 1738 1503 1819 tempori

327 1862 367 1906 ne
390 1845 558 1907 editionem
584 1845 737 1908 librorum
764 1846 803 1907 de
827 1845 1033 1907 architectura
1058 1845 1201 1926 tribuam,
1226 1844 1380 1927 impedior
1398 1845 1503 1926 ipsius

327 1951 467 2013 Vitruvii
493 1951 596 2014 verbis
620 1958 658 2033 (p.
681 1953 707 2033 1„
730 1954 769 2014 15
790 1971 827 2033 sq
851 1971 933 2031 „nou
956 1954 1064 2034 putavi
1089 1952 1399 2033 praetermittendum
1422 1954 1502 2033 quin

327 2059 429 2141 primo
454 2077 583 2140 quoquc
606 2064 747 2140 tempore
778 2058 817 2121 de
843 2059 890 2119 bis
921 2058 1017 2120 rebus
1047 2077 1084 2120 ea
1114 2058 1170 2120 tibi
1196 2058 1339 2120 ederenr“
1363 2057 1401 2120 cf.
1427 2058 1502 2121 diss.

327 2185 356 2247 p.
383 2167 445 2245 14),
470 2184 662 2248 quamquam
688 2185 751 2247 quo
775 2172 915 2247 tempore
940 2164 1012 2227 libri
1036 2166 1110 2227 editi
1134 2166 1206 2239 sint,
1231 2166 1360 2228 minime
1378 2173 1502 2227 tantum

326 2278 435 2335 nostra
445 2273 1082 2353 interestaccuratiuscognossequantum
1093 2290 1155 2353 quo
1165 2273 1419 2354 temporescripti
1428 2273 1503 2335 sint.

418 2379 485 2441 Etsi
510 2380 594 2442 enim
622 2378 802 2441 Vitruvium
834 2378 990 2459 quaedam
1022 2379 1110 2440 libris
1138 2386 1343 2461 posteaquam
1367 2380 1505 2461 scripsit,

327 2488 499 2549 inseruisse
524 2488 744 2563 concessimus
775 2504 851 2547 cave
882 2492 987 2547 tamen
1017 2485 1128 2547 credas
1154 2504 1227 2547 eum
1251 2487 1379 2548 omnino
1403 2485 1504 2549 libros

324 2601 497 2675 antequam
522 2594 629 2656 ederet
652 2606 796 2655 accurate
820 2594 1049 2672 retractavisse,
1074 2604 1109 2655 ut
1133 2592 1224 2673 quasi
1246 2611 1327 2653 nova
1348 2599 1379 2654 et
1397 2611 1505 2655 emen-

325 2702 399 2764 data
423 2702 519 2763 editio
542 2701 574 2762 in
600 2701 702 2762 lucem
726 2701 881 2783 prodiret3
906 2701 1002 2761 immo
1021 2699 1077 2760 illa
1096 2697 1310 2761 additamenta
1328 2699 1502 2779 singularia

326 2816 403 2871 sunt
426 2816 456 2871 et
479 2816 581 2871 cetera
605 2809 712 2869 omnin
731 2806 822 2874 nobis
842 2806 1035 2888 persuadent
1053 2824 1127 2868 euru
1148 2804 1247 2868 libros
1267 2805 1345 2867 tales
1364 2805 1504 2869 edidisse

325 2915 436 2997 quales
468 2916 567 2997 primo
598 2916 764 2997 scripserat
794 2913 1042 2996 praefationibus
1072 2913 1147 2975 solis
1177 2913 1328 2994 exceptis,
1374 2912 1504 2975 Etenim

325 3040 400 3083 cum
427 3022 627 3084 manifestum
652 3022 693 3084 sit
716 3022 940 3103 praefationem
961 3021 1052 3102 primi
1072 3020 1145 3082 libri
1168 3020 1316 3101 scriptam
1342 3037 1412 3081 esse
1431 3026 1506 3101 post

326 3149 353 3191 a.
367 3130 417 3208 31,
437 3128 534 3189 immo
545 3128 639 3210 paulo
650 3136 817 3210 antequam
831 3128 903 3190 libri
914 3128 990 3189 editi
1002 3133 1084 3198 sunt
1102 3125 1174 3188 libri
1185 3126 1261 3187 noni
1278 3127 1504 3207 praefationem

325 3236 474 3317 scriptam
506 3235 604 3297 videri
634 3244 704 3316 post
728 3234 881 3295 Varronis
912 3241 1045 3295 mortem
1077 3252 1160 3295 anno
1189 3233 1229 3294 27
1256 3230 1503 3313 Lachmanuo⁸⁹)

325 3341 565 3405 concedendum
600 3353 653 3403 est.
702 3339 792 3415 Quod
826 3342 853 3401 si
887 3340 925 3402 de
959 3339 1083 3401 duabus
1115 3342 1247 3420 constat,
1282 3340 1320 3401 de
1353 3338 1503 3402 omuibus

326 3450 531 3513 statuendum
557 3467 624 3510 esse
648 3466 760 3510 censeo
785 3466 838 3509 cas
862 3449 946 3528 operi
973 3447 1035 3507 iam
1060 3446 1196 3527 perfecto
1215 3447 1309 3529 paulo
1328 3454 1502 3527 antequam

327 3559 359 3619 in
384 3557 486 3619 lucem
512 3556 656 3637 prodiret,
687 3556 821 3617 insertas
846 3572 923 3633 esse,
955 3555 1071 3636 quippe
1095 3572 1176 3635 quae
1200 3554 1291 3634 quasi
1315 3555 1407 3615 extra
1429 3553 1503 3615 reli-

327 3684 423 3745 quam
448 3664 692 3745 disputationem
724 3662 843 3743 positae
868 3668 898 3723 et
923 3666 1107 3743 argumento
1138 3668 1168 3723 et
1198 3660 1271 3722 stilo
1294 3662 1394 3722 artius
1418 3661 1503 3722 inter

327 3790 362 3834 se
385 3772 580 3833 cohaereant.
627 3772 666 3851 (p.
695 3771 731 3830 11
758 3769 816 3850 sql.

418 3877 479 3940 Sed
510 3884 643 3959 excepta
673 3877 749 3938 aede
773 3873 898 3949 Quirini
930 3892 1140 3956 quaecunque
1167 3872 1334 3935 Vitruvius
1359 3872 1503 3935 aedificia

327 3983 446 4047 Romae
461 3985 617 4047 exstantia
632 3991 865 4055 commemorat,
884 3982 982 4044 libera
997 3981 1164 4064 republica
1183 3987 1258 4043 sunt
1276 3982 1447 4043 constituta
1458 4016 1498 4027 —

327 4090 413 4171 quod
434 4092 495 4152 iam
511 4089 636 4152 Hirtius
656 4099 685 4153 et
701 4090 869 4171 Ussingius
889 4088 1188 4167 animadverterunt,
1213 4089 1267 4150 sed
1287 4107 1346 4150 suo
1367 4096 1501 4170 uterque

418 4230 462 4293 38)
482 4230 509 4283 C.
531 4230 552 4286 Ι,
572 4230 601 4282 L.
622 4229 651 4281 Ia
670 4248 695 4297 p.
714 4230 774 4283 310.

418 4302 461 4368 311)
482 4302 575 4356 Rbein.
595 4301 661 4354 Mus.
681 4301 719 4353 VI
740 4301 807 4355 1839
828 4319 851 4369 p.
873 4300 923 4353 10?
944 4300 978 4353 ci.
999 4316 1023 4367 p.
1044 4302 1058 4353 7
1079 4300 1156 4352 buius
1175 4299 1277 4352 dissert.
