3684 5217
740 528 951 589 -63-

252 724 364 787 neque
386 724 473 766 nuno
497 683 729 783 commemoret,
752 704 827 767 inde
850 704 920 767 iure
944 705 1072 788 colligas
1096 706 1150 768 illa
1167 705 1285 769 Romae
1304 725 1431 790 perrara

249 811 420 891 fuissem)
468 810 580 894 Neque
602 830 678 874 vero
710 812 838 873 omnino
869 829 956 873 nunc
982 813 1012 892 (ξ
1039 814 1078 874 16
1103 818 1174 895 sqq)
1201 813 1369 877 Vitruvius
1393 814 1434 875 de

251 919 474 981 monumentis
492 918 629 1000 publicis
649 918 745 981 verba
764 919 846 999 tacit,
865 917 922 981 sed
941 919 980 981 de
998 918 1151 982 aedificiis
1171 921 1311 1002 privatis
1333 923 1434 982 immo

249 1027 288 1088 de
312 1026 431 1087 insulis
464 1026 603 1107 exponit,
634 1026 792 1109 quomodo
823 1024 1035 1088 exstruendae
1064 1027 1137 1088 sint.
1183 1025 1244 1089 Sed
1269 1046 1336 1089 eam
1364 1046 1430 1089 rem

250 1133 398 1216 proximo
424 1132 519 1213 capiti
543 1131 742 1194 tribuendam
766 1150 834 1194 esse
857 1150 977 1194 censeo.
1023 1130 1112 1195 Nihil
1135 1134 1233 1215 igitur
1255 1139 1350 1197 restat
1368 1134 1432 1196 nisi

253 1250 285 1301 ut
307 1258 413 1323 pauca
438 1239 476 1301 de
500 1238 619 1301 ultimis
642 1239 844 1321 paragraphis
867 1240 978 1321 capitis
1001 1239 1131 1302 alterius
1155 1240 1265 1303 dicam.

335 1346 389 1408 Ex
417 1347 473 1425 eis,
497 1364 579 1427 quae
603 1346 621 1426 ᾗ
649 1347 688 1408 18
720 1346 763 1408 de
795 1366 864 1408 usu
895 1353 1111 1409 structurae
1134 1352 1325 1410 testaceae
1348 1366 1429 1409 cum

266 1452 432 1515 latericia
470 1453 697 1515 coniunctae
733 1454 893 1535 praecipit,
940 1454 1054 1515 iterum
1092 1454 1306 1536 intellegimus
1349 1474 1433 1535 eum,

272 1558 307 1620 ubi
322 1560 390 1623 lieri
415 1565 526 1641 potest,
549 1561 587 1622 de
606 1565 765 1621 structura
784 1560 925 1622 latericia
945 1561 1075 1624 minime
1098 1561 1203 1623 recedi
1227 1560 1309 1623 velle
1333 1568 1430 1643 atque

269 1672 407 1729 testaceae
439 1685 543 1747 usum,
576 1668 627 1729 cui
659 1666 800 1729 nondum
828 1666 925 1730 fidem
949 1666 1050 1746 habet,
1083 1667 1239 1748 cohibere,
1273 1675 1428 1750 quantum

265 1770 314 1835 fieri
330 1777 450 1857 potest.
482 1772 632 1835 Conteras
648 1773 744 1836 velim
762 1774 820 1835 hoc
838 1793 975 1857 quoque,
995 1774 1081 1857 quod
1102 1774 1162 1837 alio
1182 1775 1250 1837 loco
1270 1774 1369 1857 (VIS,
1388 1775 1432 1856 9),

264 1879 300 1941 ubi
331 1881 417 1943 dicit
446 1881 480 1941 in
511 1880 631 1942 domini
656 1898 724 1943 esse
754 1885 915 1963 potestate,
948 1881 1035 1964 quali
1063 1886 1222 1944 structura
1246 1882 1322 1944 velit
1345 1882 1430 1944 aedi·

254 1986 339 2050 ficare
366 1988 413 2069 (p.
437 1988 508 2068 154,
534 1988 574 2049 10
599 1988 671 2069 sqq)
695 1993 886 2050 structuram
910 1994 1077 2051 testaceam
1101 1990 1232 2050 omnino
1256 2008 1320 2051 non
1345 2007 1431 2050 com-

255 2100 415 2157 memorat.
464 2091 588 2168 Quibus
613 2094 760 2157 omnibus
783 2093 995 2176 confirmatur,
1027 2095 1112 2177 quod
1136 2114 1231 2178 supra
1254 2096 1432 2178 posuimus,

256 2204 287 2283 (p.
305 2204 366 2281 57)
393 2200 481 2263 illius
500 2205 599 2262 aetate
624 2207 812 2264 structuram
836 2208 1006 2263 testaceam
1025 2202 1169 2265 nondum
1189 2204 1221 2264 in
1244 2222 1305 2266 usu
1323 2203 1431 2265 fuisse,

333 2308 378 2371 In
406 2326 452 2385 eo,
477 2307 562 2389 quod
587 2308 605 2388 ξ
632 2309 670 2369 19
699 2307 864 2371 Vitruvius
889 2309 1042 2391 praecipit
1066 2309 1105 2372 de
1135 2314 1231 2371 testa
1262 2311 1298 2370 in
1331 2315 1431 2371 tecto

256 2413 501 2490 conlocanda,
539 2414 736 2477 offenderunt
766 2416 843 2477 olim
872 2416 1021 2478 nonnulli
1051 2416 1150 2478 veluti
1184 2414 1363 2478 Schultzius
1398 2424 1430 2479 et

261 2520 433 2604 Ussingius
489 2521 695 2604 Praeceptum
734 2528 839 2583 autem
876 2521 955 2583 illud
994 2542 1186 2604 quamquam
1227 2523 1344 2585 mirum
1382 2529 1430 2586 est

260 2636 354 2693 tamen
382 2628 460 2690 satis
484 2628 562 2690 mihi
587 2629 714 2691 videtur
738 2629 911 2711 explicasse
935 2626 1211 2710 Degeringitrs,2⁰4)
1241 2648 1340 2711 quare
1363 2650 1428 2693 nou

256 2735 416 2815 labemuS,
441 2754 499 2796 cur
522 2735 560 2797 de
584 2733 725 2797 Vitruvii
750 2737 937 2798 auctoritate
961 2735 1150 2797 dubitemus

336 2842 513 2906 Parietes
537 2843 717 2904 craticios
731 2842 781 2922 2⁰⁵)
805 2842 835 2922 (ἕ
846 2842 898 2922 20)
923 2842 1088 2904 Vitruvius
1108 2861 1172 2904 non
1191 2843 1338 2905 inventos
1356 2861 1428 2905 esse

248 2953 343 3035 cupit,
378 2948 463 3030 quod
493 2949 532 3010 ad
564 2949 745 3011 incendium
778 2950 823 3009 uti
853 2948 938 3011 faces
968 2950 1069 3029 parati
1092 2950 1163 3010 sint.
1210 2948 1327 3011 Tamen
1351 2951 1429 3011 satis

247 3058 402 3121 videntur
424 3056 478 3117 illo
502 3061 643 3139 tempore
672 3056 851 3139 pervulgati
875 3056 973 3119 fuisse
996 3054 1123 3136 Romae,
1154 3074 1226 3118 cum
1251 3075 1357 3119 carere
1381 3058 1430 3119 eis

248 3185 308 3227 non
348 3169 485 3245 possent,
516 3164 544 3225 si
573 3164 707 3225 summis
738 3162 897 3225 cenaculis
927 3164 1139 3245 intergerivos
1164 3163 1279 3226 ducere
1302 3163 1428 3242 vellent,

247 3278 347 3355 atque
366 3269 516 3332 facillime
533 3275 564 3332 et
580 3270 742 3333 celerrime
762 3277 926 3333 exstruere
946 3289 999 3333 eos
1019 3272 1135 3334 liceret.
1169 3268 1314 3333 Ceterum
1335 3270 1427 3332 dubi-

249 3381 303 3442 tari
321 3397 390 3440 non
408 3381 518 3458 potest,
539 3378 618 3459 quin
635 3377 709 3439 inde
724 3397 742 3439 a
761 3378 779 3458 ᾗ
798 3379 836 3439 16
854 3396 956 3459 usque
971 3378 1010 3439 ad
1024 3377 1120 3441 finem
1137 3379 1248 3459 capitis
1258 3376 1428 3439 Vitruvius

252 3484 312 3567 ipse
340 3490 493 3566 expertus
516 3482 674 3565 loquatur,
697 3502 761 3545 non
785 3483 886 3546 fontes
910 3484 1066 3566 quosdam
1089 3491 1225 3547 secutus.

338 3589 392 3655 Ad
411 3589 506 3652 finem
525 3591 656 3673 perveni
675 3590 770 3653 huius
789 3592 900 3674 capitis
921 3591 1091 3654 admodum
1111 3591 1217 3673 ampli,
1240 3610 1303 3674 quo
1322 3596 1425 3653 totum

246 3699 311 3764 fere
334 3716 415 3781 opus
434 3696 660 3759 Vitruvianum
683 3716 873 3780 percensens
897 3699 1003 3760 omnia
1027 3698 1190 3779 complecti
1215 3697 1322 3760 studui
1344 3715 1427 3778 quae

244 3806 510 3889 interpretatione
533 3823 624 3886 egere
649 3805 725 3866 mihi
750 3804 949 3883 videbantur,
981 3813 1017 3867 ut
1039 3823 1269 3886 cognoscerem,
1299 3825 1337 3866 an
1362 3806 1425 3867 iam

243 3920 322 3977 ante
342 3931 463 3975 aunum
485 3914 524 3974 31
550 3913 664 3994 scripta
683 3929 752 3973 esse
769 3919 904 3994 possent.
952 3911 1049 3993 Spero
1074 3921 1168 3992 atque
1188 3910 1312 3972 confido
1331 3931 1425 3992 argu·

244 4020 444 4083 mentatione
464 4038 533 4081 mea
551 4019 717 4102 probatum
737 4037 805 4081 esse
824 4026 854 4080 et
873 4018 1030 4079 indecem
1051 4017 1090 4080 de
1109 4019 1316 4079 architectura
1335 4018 1426 4079 libris

339 4193 404 4260 203)
424 4194 459 4246 ct.
478 4194 575 4246 Jordan
595 4192 608 4245 l
629 4210 651 4261 p.
673 4193 706 4244 14
724 4210 750 4245 n.
770 4193 794 4248 4.

338 4264 403 4331 204)
422 4264 440 4317 l.
460 4264 476 4321 1,
497 4283 520 4333 p.
541 4266 575 4317 34
593 4280 648 4332 sqq.
686 4265 720 4316 ef.
741 4262 875 4316 Bliimner.
913 4262 930 4316 1.
950 4262 966 4319 l,
986 4263 1014 4315 ll
1031 4280 1056 4330 p.
1076 4262 1119 4318 20.
1139 4281 1164 4318 n.
1183 4263 1208 4316 2.

338 4335 611 4405 adulteriumne.
649 4334 690 4388 ΙΙΙ
708 4350 732 4402 p.
755 4336 802 4388 151
824 4350 861 4402 sq.
