3684 5217
825 504 1037 565 --68-

343 682 507 764 geliihrten
534 680 672 743 Verbote
702 681 744 742 im
777 680 984 762 allgemeinen
1014 680 1180 743 Gebrauch
1205 732 1210 743 .
1236 732 1242 745 .
1268 681 1319 744 die
1350 682 1412 743 alte
1436 682 1520 743 Vor-

344 788 460 867 sohrift,
481 788 532 850 die
551 788 596 851 als
612 786 710 851 Diale
730 787 785 849 der
803 788 1036 866 gemeinsamen
1055 787 1176 851 Wande
1195 789 1266 851 eine
1280 787 1350 851 Elle
1369 788 1521 866 lestsetzt,

345 894 429 957 blieb
452 894 507 957 fiir
529 895 590 957 den
614 893 832 957 entwickelten
852 894 1009 957 Hochban
1032 896 1064 957 in
1084 894 1183 958 Kral't.
1229 894 1274 956 Es
1292 896 1395 976 hlingt
1412 896 1523 957 schier

345 1002 548 1084 unglaublich
565 1000 628 1064 und
641 1000 718 1062 wird
731 1001 810 1063 doch
821 1001 921 1063 durch
932 1003 1024 1063 einen
1037 1001 1216 1063 Fachmann
1232 1000 1521 1083 (viar.118,16sqt

345 1108 502 1189 verbiirgt
527 1106 588 1170 dall
613 1106 671 1169 aul
691 1109 733 1170 45
758 1127 805 1171 cm
830 1108 957 1171 starhen
974 1107 1220 1171 Grandmauern
1241 1109 1326 1170 5-6
1343 1107 1523 1171 Geschosse

344 1214 538 1297 anigetiirmt
562 1215 699 1277 wurden.

434 1320 476 1385 Ut
500 1323 596 1401 igitur
626 1322 900 1404 comprehendam,
931 1340 1014 1405 quae
1037 1329 1146 1385 contra
1169 1322 1332 1404 Voigtium
1360 1323 1523 1404 imprimis

344 1435 456 1508 statue,
488 1429 608 1491 nullam
642 1430 743 1509 legem
776 1428 877 1491 libera
908 1429 1091 1511 republica
1122 1429 1217 1491 latam
1251 1447 1320 1491 esse
1350 1429 1523 1508 contenda

345 1557 407 1620 qua
437 1536 569 1599 altitudo
600 1536 815 1599 aedificiorum
848 1535 1124 1618 praescriberetur,
1157 1542 1252 1617 atque
1283 1555 1320 1598 ea
1350 1536 1389 1597 de
1419 1555 1519 1598 causa-

344 1642 502 1705 Romanos
537 1642 686 1706 latericiis
723 1642 896 1725 parietibus
934 1662 1008 1705 usos
1044 1643 1318 1726 sesquipedalibus
1354 1642 1521 1725 complura

344 1750 496 1812 cenacula
527 1750 712 1827 cumulasse,
743 1750 819 1812 dum
846 1750 1014 1832 Augustus
1047 1757 1173 1832 propter
1203 1749 1329 1812 crebras
1358 1749 1523 1812 aedilicio·⁴

344 1877 414 1918 rum
448 1858 558 1918 ruinas
592 1875 704 1919 noram
738 1856 925 1919 aedificandi
958 1857 1111 1919 rationem
1146 1864 1177 1919 et
1207 1838 1383 1919 structurae
1414 1875 1524 1931 genus

344 1964 456 2027 edictis
475 1965 660 2026 institueret.
707 1966 814 2045 Atque
838 1984 910 2026 oum
930 1966 1064 2026 aliorum
1082 1964 1272 2027 testimoniis
1291 1970 1356 2026 tum
1375 1963 1519 2026 Vitruvii

344 2070 449 2132 verbis
483 2071 541 2132 hoc
573 2069 802 2151 comprobatur.
857 2070 938 2132 Nam
971 2072 1166 2132 ratiocinatio
1200 2072 1278 2144 eius
1309 2077 1345 2132 ut
1378 2070 1527 2133 breviter*

345 2186 492 2260 repetam,
516 2176 592 2238 haec
615 2176 678 2238 lere
703 2183 762 2238 est:
788 2177 964 2239 secundum
989 2178 1073 2259 leges
1098 2175 1188 2261 [quas
1207 2177 1301 2259 paulo
1319 2182 1391 2259 post
1409 2178 1521 2240 incen-

344 2284 432 2346 dium
458 2282 614 2344 Gallicum
647 2283 723 2345 latas
754 2302 822 2345 esse
851 2284 1024 2346 verisimile
1054 2282 1111 2369 est]
1142 2285 1245 2367 paries
1274 2285 1453 2346 communis
1479 2304 1526 2347 ue

344 2392 479 2453 crassior
508 2398 574 2452 esto
606 2409 701 2471 quam
731 2391 972 2473 sesquipedalis;
1004 2388 1077 2476 [huc
1101 2409 1203 2473 usque
1227 2392 1327 2471 legam
1352 2393 1520 2472 antiquam

344 2498 434 2560 reddi
458 2496 600 2572 arbitror,
631 2498 722 2560 cuius
745 2498 823 2559 nihil
848 2498 933 2559 aliud
958 2500 1020 2561 nisi
1043 2500 1145 2580 spatio
1169 2498 1329 2560 communi
1359 2498 1445 2579 parci
1469 2500 1520 2559 in-

343 2612 473 2682 tereram
498 2604 536 2666 de
561 2604 706 2667 latericiis
729 2606 805 2668 solis
828 2609 996 2667 structuris
1019 2605 1095 2667 haec
1118 2605 1171 2668 lex
1195 2605 1258 2667 lata
1280 2612 1335 2685 est,
1357 2624 1431 2667 cum
1454 2606 1520 2667 alia

344 2712 475 2773 materia
505 2718 572 2773 tum
603 2712 744 2774 nondum
776 2714 942 2774 uterentur
964 2714 996 2773 in
1022 2712 1173 2774 aediliciis
1194 2708 1351 2796 privatis];
1383 2712 1524 2774 latericii.

344 2820 471 2880 verosi
496 2838 559 2880 nou
584 2819 741 2900 diplinthii
765 2819 816 2880 rel
841 2820 1015 2901 triplinthii,
1047 2819 1103 2882 sed
1126 2819 1362 2901 sesquipedales
1391 2826 1520 2881 tantum

344 2932 428 3004 sunt,
452 2944 516 2986 non
540 2926 611 3006 plus
634 2945 730 2987 unam
754 2928 1021 3007 contignationem
1046 2927 1204 2988 sustinere
1226 2933 1368 3008 possunt.
1414 2927 1518 3008 Atqui

344 3051 416 3093 cuni
446 3032 611 3113 permultis
642 3032 888 3095 habitationibus
918 3033 1011 3095 nobis
1043 3052 1122 3116 opus
1146 3034 1187 3095 sit
1211 3044 1241 3094 et
1264 3033 1354 3095 urbis
1377 3034 1522 3114 spatium

344 3140 519 3220 angustius.
539 3158 631 3219 quam
654 3147 689 3199 ut
708 3144 829 3201 tantum
850 3138 993 3202 aedilicia
1011 3142 1107 3202 unius
1126 3140 1371 3221 contignationis
1390 3141 1523 3221 (pauca-

343 3264 416 3307 rum
447 3246 544 3325 igitur
574 3245 815 3319 habitationum)
845 3254 1055 3320 exstruamus
1088 3247 1157 3309 ideo
1187 3249 1219 3308 in
1253 3248 1353 3309 altum
1376 3247 1517 3309 tollenda

344 3360 420 3415 sunt
442 3350 593 3413 aedificia
639 3352 723 3433 Ergo
748 3371 810 3414 non
833 3351 984 3414 latericiis
1007 3353 1187 3435 parietibus,
1215 3354 1271 3416 sed
1295 3353 1368 3436 pilis
1391 3361 1516 3416 tanturn

343 3459 483 3541 lapideis
501 3459 667 3520 structuris
685 3459 834 3537 testaceis
850 3458 1024 3540 parietibus
1041 3462 1253 3523 caementiciis
1271 3461 1317 3522 uti
1334 3462 1416 3540 licet7
1433 3479 1523 3543 quae

344 3565 524 3648 complures
548 3566 799 3646 contignationes
821 3564 904 3627 ferre
928 3574 1068 3646 possunt
1093 3568 1150 3629 etsi
1173 3568 1408 3650 sesquipedales
1431 3574 1516 3629 sunt

434 3670 604 3734 Conclusio
635 3672 731 3753 igitur
753 3690 884 3753 prorsus
908 3682 993 3733 recta
1015 3682 1047 3734 et
1070 3673 1209 3735 dilucida
1232 3682 1286 3755 est
1317 3682 1422 3756 atque,
1452 3674 1515 3736 nisi

343 3780 444 3849 fallor,
467 3780 504 3841 in
525 3778 585 3840 his
603 3778 699 3861 ipsis
720 3777 847 3840 verbis
866 3776 954 3840 inde
971 3799 991 3840 a
1008 3780 1229 3856 „latericiis‘
1252 3790 1517 3864 argumentum

344 3887 461 3949 edicti
485 3886 595 3948 illius
619 3886 731 3965 inest,
759 3886 854 3967 quod
881 3888 1077 3968 Augustus
1101 3886 1277 3950 Romanis
1300 3890 1518 3971 proposuit,

345 4002 384 4055 ut
407 4014 425 4056 a
448 3994 611 4057 laterum
635 3993 673 4053 in
697 3992 938 4056 aedificando
962 4013 1033 4057 usu
1055 4013 1119 4056 cos
1144 3993 1354 4058 deterreret
1377 4003 1412 4058 et
1435 4014 1515 4058 cre·

344 4098 429 4162 bras
452 4100 716 4163 aedificiorum
741 4099 872 4162 ruinas
895 4100 1103 4168 cohiberet,
1128 4120 1200 4183 quo
1224 4121 1356 4164 noram
1378 4102 1520 4165 aedifi—

343 4206 455 4268 caudi
479 4208 664 4270 rationem
689 4205 743 4267 eis
767 4207 1096 4288 commendarit¹⁵l

361 4316 367 4321 Ι
435 4348 478 4406 15)
498 4347 533 4400 cl.
548 4346 643 4399 Nissen
662 4346 790 4402 Landesk.
810 4347 835 4400 ll
855 4364 878 4415 p
898 4347 959 4401 518.
978 4347 1041 4401 529.
