3684 5217
805 446 1017 507 -ῃ.

300 612 302 617 ’
323 640 412 684 more
436 622 661 702 interpretatus
684 630 731 683 est
753 658 796 667 —
820 640 926 702 neque
948 622 1050 683 nllum
1081 623 1170 686 affert
1196 622 1377 686 aedificium
1401 625 1501 704 impe-

322 736 428 791 ratore
453 731 600 810 Augusto
622 728 752 795 lactum,
783 728 844 789 nisi
867 730 930 789 iam
954 730 1119 793 nonnullis
1141 739 1311 811 antequam
1334 731 1389 792 ille
1411 732 1500 811 prin-

321 837 461 918 cipatum
481 834 644 904 obtineret,
667 836 760 896 annis
779 835 963 896 incohatum
982 843 1056 897 erat.
1095 840 1140 899 At
1156 839 1184 899 si
1202 845 1274 920 post
1292 858 1319 900 a.
1340 839 1381 898 31
1399 835 1500 899 libros

320 945 564 1019 retractavisset‚
594 960 668 1003 eum
699 943 807 1003 omnia
830 962 866 1003 ea
890 941 1035 1003 aedificia
1057 943 1110 1004 rel
1132 942 1349 1006 aedificiorum
1372 962 1501 1025 genera,

321 1068 405 1131 quae
438 1048 646 1129 sequentibus
678 1049 771 1109 annis
803 1048 903 1109 multa
935 1057 967 1109 et
997 1049 1166 1130 magnifica
1187 1049 1307 1112 Romae
1336 1058 1502 1113 exstructa

319 1162 405 1231 sunt,
425 1154 550 1217 silentio
568 1156 734 1236 neglegere
751 1174 814 1215 non
826 1155 968 1237 potuisse
983 1155 1239 1222 mibicoucedesz
1259 1176 1358 1239 quare
1377 1164 1501 1219 certum

321 1263 400 1323 miti
425 1263 552 1323 videtur
575 1280 644 1323 esse
667 1280 740 1323 eum
765 1263 872 1323 neseio
894 1280 958 1342 qua
976 1282 1072 1324 eausa
1091 1271 1283 1325 commotum
1305 1264 1405 1327 libros
1424 1284 1503 1327 suos

320 1389 385 1431 non
414 1369 583 1447 diligenter
605 1368 832 1447 retractavisse,
856 1368 910 1431 sed
936 1387 1036 1451 pauca
1059 1375 1180 1431 tantum
1205 1369 1374 1432 addidisse.

414 1510 461 1573 Ut
494 1512 615 1591 igitur
646 1511 969 1592 comprehendam,
1002 1511 1096 1593 qnid
1128 1512 1198 1574 hoo
1231 1515 1501 1594 quaestionum

319 1620 641 1680 Vitruvianarum
661 1619 871 1699 specimine
889 1618 1070 1701 probasse
1089 1621 1179 1682 mihi
1198 1621 1343 1694 ridear,
1366 1620 1502 1682 Vitru-

319 1728 425 1787 vium
446 1734 573 1786 statuo
594 1724 721 1785 decem
741 1725 785 1787 de
804 1725 1064 1787 architectura
1082 1727 1205 1788 libros
1223 1738 1312 1789 ante
1335 1747 1500 1809 pugnam

319 1834 518 1895 Actiacam
543 1832 759 1913 scripsisse,
784 1840 918 1913 postea
941 1832 1044 1895 circa
1066 1852 1202 1896 annum
1223 1835 1271 1895 ‘24
1295 1834 1503 1917 praefatio-

320 1940 438 2001 nibus
462 1947 496 2002 et
524 1938 799 2000 additamentis
829 1938 1069 2019 quibusdam,
1098 1959 1116 2002 e
1145 1940 1284 2023 quibus
1313 1942 1386 2004 tria
1413 1960 1502 2022 cog-

318 2065 483 2108 noscere
498 2045 609 2108 nobis
626 2045 729 2125 licet,
745 2052 889 2125 auctos,
905 2048 1306 2111 ceterumimmutatos
1321 2048 1500 2111 edidisse.

415 2186 507 2262 Quod
531 2188 633 2251 sicui
664 2207 775 2270 parum
808 2188 944 2269 simplex
971 2188 1108 2271 ideoque
1131 2210 1243 2271 parum
1268 2190 1431 2274 probabile
1455 2191 1502 2251 vi-

323 2296 429 2376 detur,
469 2295 649 2357 meminerit
681 2313 726 2371 ea,
766 2313 846 2376 quae
884 2315 980 2377 supra
1017 2298 1057 2379 (p.
1093 2298 1148 2377 75)
1187 2298 1330 2379 exposui.
1388 2296 1502 2379 lieque

320 2422 401 2466 vero
424 2404 487 2464 iam
507 2401 661 2463 adfinem
683 2403 900 2483 pervenimus;
925 2409 1022 2464 restat
1046 2404 1138 2468 enim.
1162 2409 1200 2465 ut
1221 2423 1324 2486 paura
1346 2404 1503 2466 addamus

322 2512 364 2573 de
395 2511 525 2584 ratione,
555 2528 636 2592 quae
665 2508 834 2571 intercedit
863 2509 948 2571 inter
971 2509 1156 2572 Vitruvium
1183 2517 1214 2572 et
1237 2516 1383 2573 auctores
1407 2529 1502 2593 quos·

321 2618 405 2696 dam,
426 2636 506 2698 quos
526 2618 554 2678 ei
574 2615 677 2677 fontes
696 2616 856 2677 exstitisse
875 2617 936 2677 viri
955 2616 1038 2678 docti
1056 2616 1205 2678 nonnulli
1224 2626 1501 2695 asseveraveruut3

322 2744 398 2787 nam
423 2723 451 2785 si
474 2741 583 2785 omnes
613 2741 723 2785 eorum
753 2722 953 2785 coniecturae
975 2723 1175 2806 accipiendae
1199 2732 1312 2801 esseut,
1342 2744 1388 2804 ea,
1419 2744 1503 2808 quae

323 2850 422 2914 supra
445 2830 621 2912 posuimus
645 2836 728 2893 stare
751 2849 816 2891 non
840 2835 979 2912 possent.

416 2974 464 3035 Ac
487 2974 624 3055 primum
650 2972 779 3054 quidem
804 2970 978 3034 Varronem
1003 2973 1151 3036 Vitruvio
1179 2975 1315 3056 amplam
1338 2976 1502 3037 materiam

322 3080 509 3163 praebuisse
528 3080 598 3162 plus
618 3079 714 3141 semel
734 3080 766 3140 in
787 3079 847 3141 hac
867 3079 1089 3143 dissertatione
1113 3087 1145 3143 et
1168 3079 1287 3144 dictum
1312 3087 1344 3144 et
1361 3084 1503 3144 testimo·

323 3188 388 3249 niis
403 3186 621 3249 confirmatum
637 3192 691 3247 est.
721 3184 843 3259 Quodsi
857 3192 942 3249 recte
957 3188 1162 3251 ratiocinatus
1178 3188 1504 3267 essetRitsolrelius⁴⁰l

323 3293 445 3355 librum
475 3298 620 3355 octavum
653 3292 891 3375 disciplinarum
921 3294 972 3374 (de
997 3295 1163 3376 medicina)
1193 3297 1402 3379 compositum
1432 3314 1504 3359 esse

325 3419 409 3461 auno
433 3419 457 3461 a.
483 3397 553 3461 Chr.
580 3402 620 3462 33
645 3399 695 3480 (cf.
719 3399 800 3462 Pliu.
826 3401 877 3479 29,
900 3402 956 3463 65:
982 3409 1169 3482 „cunctarer
1190 3405 1224 3465 in
1247 3402 1435 3485 proferendo
1460 3422 1502 3465 ex

325 3508 365 3569 iis
399 3506 547 3587 remedio,
580 3508 611 3567 ni
643 3504 688 3568 M.
722 3505 823 3569 Varro
858 3506 1036 3570 LXXXIII
1068 3510 1153 3571 vitae
1185 3529 1268 3572 anno
1302 3509 1503 3593 prodidisset)

326 3620 453 3677 sextum
486 3612 539 3696 (de
571 3613 751 3695 astrologia)
783 3633 867 3677 anno
900 3616 952 3695 28,
992 3617 1095 3678 omms
1132 3623 1238 3680 nostra
1270 3618 1503 3699 argumentatIo

326 3718 494 3800 labefieret
526 3739 597 3782 cum
628 3719 813 3783 Vitruvium
844 3721 925 3784 libro
955 3742 1042 3784 nono
1072 3722 1125 3806 (de
1156 3724 1376 3803 architectura)
1406 3743 1501 3786 usum

328 3846 395 3890 esse
420 3833 548 3904 constet,
579 3829 635 3910 qui
659 3827 759 3889 eidem
784 3827 849 3891 fere
873 3830 1007 3911 tempori
1038 3829 1228 3893 tribuendus
1251 3836 1339 3893 esset.
1386 3828 1503 3893 Sedet

328 3933 415 3995 illam
438 3932 610 3997 firmiorem
635 3953 703 3996 esse
727 3933 852 3997 confido
877 3954 971 4016 quam
996 3942 1032 3998 ut
1055 3936 1115 3999 hoo
1138 3941 1323 4018 argumento
1354 3938 1431 3999 satis
1452 3938 1502 3999 iu-

329 4046 413 4103 certo
437 4060 585 4104 corruere
608 4042 707 4124 possit
731 4047 762 4104 et
780 4053 1004 4124 argumentum
1024 4044 1154 4105 omnino
1174 4043 1328 4105 caducum
1349 4049 1404 4125 est,
1428 4063 1501 4106 cnm

417 4253 462 4318 40)
482 4270 572 4322 opusc.
591 4252 634 4306 ΠΙ
652 4268 676 4320 p.
696 4252 757 4306 400.
