3684 5217
792 513 1002 575 ,64-

311 686 395 749 haud
428 708 528 772 pauca
560 690 673 761 inesse,
711 707 793 771 quae
828 695 901 752 ante
939 708 1058 751 aunum
1094 690 1134 751 31
1173 691 1290 772 scripta
1327 710 1398 754 esse
1436 693 1489 755 vel

311 812 464 857 necesse
488 796 536 858 vel
563 796 774 859 verisimile
804 796 853 875 sit,
883 795 1005 879 reliqua
1034 796 1099 859 fere
1129 798 1236 859 omnia
1266 798 1321 860 illo
1346 804 1490 879 tempore

310 903 481 983 potuisse
505 902 601 965 scribi
620 920 718 984 quare
738 902 814 965 haec
833 922 961 986 quoque
980 904 1034 965 illo
1054 911 1193 986 tempore
1213 923 1348 967 revera
1370 905 1492 988 scripta

309 1026 393 1069 esse
422 1026 544 1072 censeo
596 1006 687 1083 Quod
723 1009 750 1071 si
782 1028 893 1072 verum
925 1015 980 1090 est,
1013 1016 1143 1092 apparet
1170 1009 1356 1073 Vitruvium
1386 1016 1487 1075 totum

311 1115 374 1177 fere
398 1134 476 1197 opus
495 1134 590 1178 sunm
610 1122 681 1179 ante
701 1136 726 1179 a.
743 1118 782 1179 31
805 1117 981 1200 scripsisse3
1006 1135 1089 1198 quae
1112 1117 1301 1199 excipienda
1320 1136 1392 1181 esse
1412 1120 1487 1181 milri

311 1223 460 1304 persuasi,
484 1224 628 1304 proximo
652 1224 752 1305 capite
776 1222 922 1285 tractabo.

739 1489 853 1573 Caput
876 1492 1057 1575 qrrurtum.

314 1629 372 1727 De
393 1630 453 1727 eis
474 1662 577 1753 quae
598 1635 691 1751 post
707 1661 859 1726 anuum
877 1629 927 1728 31
946 1632 1098 1751 scripta
1117 1631 1201 1729 sint
1219 1663 1391 1729 necesse
1412 1641 1488 1730 est.

400 1829 448 1891 Ao
467 1830 606 1912 primum
626 1829 754 1910 quidem
779 1829 811 1890 in
831 1829 945 1891 harum
968 1848 1073 1892 rerum
1093 1848 1227 1893 numero
1247 1829 1391 1893 habenda
1411 1836 1487 1894 sunt

311 1954 353 1998 ea
386 1954 480 2017 quae
506 1934 702 1998 Vitruvius
736 1936 779 1999 de
813 1936 988 1998 latericia
1020 1941 1216 1999 structura
1243 1938 1397 2019 exponit
1428 1936 1479 2017 (cf.

311 2061 339 2125 p.
361 2043 422 2113 63).
470 2040 560 2115 Quod
585 2048 622 2104 ut
644 2042 817 2125 intellegas,
840 2044 935 2125 paulo
960 2043 1054 2105 altius
1076 2043 1248 2126 repetenda
1269 2049 1318 2105 est
1334 2042 1476 2124 quaestio

312 2148 420 2210 Verba
445 2148 591 2228 vitruvii,
618 2148 656 2211 de
681 2149 798 2231 quibus
821 2169 871 2212 res
896 2158 942 2212 est
965 2153 1005 2232 (p.
1031 2152 1081 2231 52,
1107 2149 1250 2231 12-28)
1273 2149 1312 2211 ab
1337 2148 1478 2213 omnibus

312 2260 443 2317 tractata
466 2262 549 2337 sunt,
581 2258 635 2339 qui
667 2262 763 2319 artem
796 2270 825 2319 et
855 2257 942 2339 leges
966 2255 1153 2319 aedificandi
1176 2256 1337 2319 Romanas
1360 2257 1480 2340 penitus

312 2380 501 2443 cognoscere
525 2364 717 2426 studuerunt
740 2370 835 2446 atque
859 2362 898 2426 de
921 2364 1043 2426 ratione
1067 2369 1097 2427 et
1120 2364 1250 2426 materia
1269 2362 1485 2427 aedificiorum

311 2468 415 2533 fusius
440 2470 694 2553 disputaverunt,
720 2471 758 2533 ad
783 2491 862 2553 quos
886 2472 945 2533 erit
968 2471 1093 2552 saepius
1117 2469 1364 2554 provocandum.
1374 2472 1397 2550 1)

402 2576 573 2659 Postquam
600 2576 732 2641 Romani
763 2579 796 2640 in
826 2578 905 2641 urbe
936 2576 1079 2640 aedificia
1108 2576 1212 2659 lignea
1236 2576 1285 2639 vel
1308 2577 1490 2643 arundinea

311 2688 343 2745 et
367 2686 548 2747 stramentis
572 2691 653 2748 tecta
683 2690 847 2747 exstruere
879 2684 1041 2747 desierunt
1068 2690 1097 2747 et
1120 2683 1160 2745 ad
1183 2684 1364 2749 solidiorem
1389 2690 1490 2749 struc-

314 2798 418 2852 turam
440 2790 595 2873 lapideam
621 2798 651 2855 et
674 2791 846 2854 latericiam
871 2792 1066 2853 transierunt
1079 2828 1117 2836 -
1130 2792 1265 2873 primum
1290 2791 1349 2853 hoo
1367 2791 1488 2855 factum

314 2906 359 2959 est
382 2898 415 2958 in
439 2898 509 2959 vico
528 2898 629 2961 Tusco
652 2936 697 2944 —
720 2906 816 2981 atque
840 2900 870 2959 in
896 2917 998 2960 anuos
1022 2898 1121 2960 maior
1144 2916 1296 2960 numerus
1320 2898 1484 2961 hominum

313 3004 345 3063 iu
372 3004 447 3065 urbe
472 3024 562 3067 muro
587 3006 689 3068 cincta
708 3004 857 3085 consedit,
882 3004 986 3067 statim
1007 3023 1087 3087 opus
1107 3012 1172 3067 erat
1190 3004 1312 3086 legibus
1330 3005 1486 3068 rationem

313 3116 344 3171 et
367 3110 509 3173 studium
533 3111 717 3175 aedificandi
743 3130 894 3192 coercere,
925 3111 957 3173 id
982 3111 1066 3193 quod
1091 3112 1153 3172 iam
1178 3129 1195 3173 e
1218 3110 1284 3173 ΧΠ
1307 3110 1486 3175 tabidarum

311 3216 497 3298 fragmentis
521 3238 709 3301 cognoscere
734 3220 845 3296 licet.²)

403 3322 483 3385 Cum
514 3345 587 3388 vero
613 3326 696 3388 Galli
725 3326 870 3388 incendio
902 3331 1000 3388 totam
1029 3325 1096 3389 lere
1128 3324 1239 3389 urbem
1264 3325 1489 3407 devastassent,

312 3431 509 3512 „promiscue
539 3431 695 3495 aedificari
726 3441 833 3515 coepta
864 3435 927 3497 est*
952 3432 1031 3516 (Liv.
1057 3432 1085 3493 V
1112 3433 1175 3513 22),
1206 3437 1301 3513 atque
1325 3450 1362 3493 eo
1385 3432 1491 3515 magis

404 3607 429 3674 1)
448 3606 571 3659 Haubold
589 3622 678 3675 opusc.
698 3606 733 3661 ll.
753 3609 873 3661 exercitt.
910 3608 1015 3661 Vitruv.
1036 3624 1107 3676 spec.
1127 3607 1148 3675 l,
1167 3605 1205 3675 ΙΙ,
1225 3606 1274 3660 ΙΠ.
1311 3606 1388 3671 Rein,
1408 3605 1486 3659 Riim.

313 3676 426 3731 Privatr.
441 3684 490 3731 etc.
509 3696 534 3745 p.
549 3678 600 3733 205
615 3694 671 3746 sqq.
710 3678 832 3731 Karlovva
850 3679 866 3736 l,
881 3678 898 3736 l,
913 3679 941 3733 Π
960 3698 984 3748 p.
998 3680 1051 3734 514
1069 3695 1129 3746 sqq;
1148 3677 1279 3733 Bliimner
1297 3677 1314 3731 l.
1328 3680 1346 3731 l.
1360 3676 1389 3730 II
1421 3717 1427 3730 .
1444 3677 1487 3733 12.

315 3748 419 3817 Nissen,
445 3749 572 3803 Laudeslr.
593 3748 620 3802 ΙΙ
639 3767 663 3817 p.
684 3752 743 3805 518.
789 3749 944 3815 Piihlmann,
973 3742 1194 3819 llberviillreruug
1212 3750 1257 3801 der
1277 3748 1382 3801 antiken
1401 3694 1487 3801 gron-

313 3820 405 3873 st'adte.
444 3838 468 3889 p.
490 3822 522 3874 73
541 3837 596 3890 sqq.
634 3822 669 3877 90
687 3838 743 3890 sqq.
782 3821 867 3888 Voigt.
894 3822 965 3876 s-B.
992 3824 1039 3876 der
1062 3822 1147 3875 sacha.
1175 3822 1234 3873 Ges.
1261 3820 1285 3875 d.
1305 3820 1386 3874 Wiss.
1416 3820 1487 3874 1903

314 3909 339 3959 p.
360 3892 411 3943 174
430 3908 478 3959 sqq
497 3893 647 3961 (ltdmische
667 3894 847 3961 Baugosetze).

402 3962 429 4031 2)
449 3963 553 4017 Schoell
576 3966 608 4017 fr.
629 3983 653 4031 p.
676 3964 734 4018 188.
772 3965 856 4017 Varro
880 3963 912 4016 de
936 3962 952 4019 l.
971 3962 987 4014 l.
1008 3963 1032 4015 V
1051 3962 1094 4014 22.
1134 3962 1273 4015 Vitruvius
1298 3978 1358 4014 cnm
1378 3979 1402 4030 p.
1423 3964 1447 4029 7,
1468 3964 1485 4015 5

313 4033 346 4086 de
372 4035 471 4088 ambitu
496 4035 744 4088 stillicidiorum
765 4034 894 4103 loquatur.
921 4034 1008 4087 nescio
1028 4050 1062 4086 an
1081 4033 1188 4087 Nisseni
1212 4032 1393 4101 interpretatio
1417 4035 1488 4086 acei-

313 4104 409 4171 pienda
428 4107 469 4175 sit,
490 4108 535 4175 qui
553 4107 615 4161 dicit
635 4108 735 4175 (Pomp.
751 4107 824 4162 Stud.
841 4124 864 4174 p.
881 4106 931 4160 567
947 4106 987 4172 sq)
1006 4105 1135 4158 ambitum
1155 4104 1342 4173 antiquissimis
1361 4104 1487 4171 tempori·

315 4174 362 4227 bus
381 4192 463 4244 aquae
482 4178 598 4247 pluviali,
618 4194 684 4246 quae
698 4179 730 4231 do
746 4183 815 4232 tecto
829 4176 952 4242 stillabat,
971 4176 1111 4229 servivisse
1127 4176 1302 4245 excipiendae,
1323 4190 1485 4243 quamquam

314 4246 341 4298 iu
367 4250 524 4303 contrarium
549 4250 653 4303 disserit
671 4250 774 4303 Manius
805 4248 923 4318 (Privati.
948 4264 973 4315 p.
993 4246 1076 4314 218²),
1102 4264 1180 4315 quem
1207 4246 1326 4315 sequitur
1344 4246 1490 4299 Liebenam

316 4318 587 4388 „Stadtsverwaltung
605 4323 641 4375 im
661 4324 726 4378 riim.
746 4320 931 4375 Kaise1·1·eich“
950 4336 975 4386 p.
994 4320 1045 4371 417
1065 4334 1092 4371 n.
1112 4320 1137 4374 4.
