3684 5217
785 514 997 575 -53-.

300 690 493 771 dandae.¹⁵⁸)
530 690 631 754 lmmo
656 709 696 753 ex
720 691 788 753 loco
812 710 908 773 supra
931 691 1059 753 laudato
1069 690 1264 772 Frontinit‘l,
1276 690 1331 773 94)
1351 702 1479 773 apparet

300 797 468 859 nonnullis
491 798 621 881 privatis
645 816 761 879 aquam
785 803 821 859 ut
844 798 876 858 in
900 797 1012 860 domos
1036 796 1188 861 ducerent
1212 799 1389 879 antiquitus
1407 815 1478 879 per-

299 904 436 965 missum
469 922 546 982 esse,
579 923 619 967 sc.
643 904 842 987 principibus
875 905 1011 967 civitatis
1044 904 1308 986 „concedentibus
1339 904 1479 987 reliquie,

297 1010 353 1091 qui
379 1011 416 1071 in
443 1029 639 1093 unoquoque
663 1010 732 1073 vico
757 1010 1036 1088 habitabant“;¹⁵⁹)
1062 1031 1254 1094 quamquam
1279 1012 1481 1093 imperatoria

296 1116 431 1181 demum
462 1124 562 1180 aetate
594 1136 725 1199 „aquam
756 1118 790 1178 in
822 1136 900 1179 usus
930 1118 1072 1199 privatos
1097 1118 1272 1180 deducere‘
1305 1119 1480 1200 unicuique

296 1242 490 1287 concessum
516 1230 575 1301 est;
611 1225 667 1306 qui
697 1225 902 1307 „impetrare‘
934 1243 1002 1287 earn
1034 1224 1168 1287 debebat
1197 1234 1228 1287 et
1257 1245 1276 1286 a
1305 1226 1480 1308 principe

297 1331 469 1414 epistolam
490 1330 527 1392 ad
549 1337 760 1393 curatorem
780 1330 969 1408 adferre.¹⁶⁰)
1005 1332 1066 1394 Sed
1085 1332 1124 1393 de
1138 1331 1188 1393 his
1203 1331 1299 1394 rebus
1310 1330 1480 1394 Vitruvius

296 1438 462 1499 nihildum
494 1437 574 1500 seire
605 1438 716 1521 potuit
750 1438 867 1520 quippe
899 1439 955 1519 qui
985 1438 1101 1500 scribat
1133 1440 1207 1520 „uti
1243 1439 1299 1520 qui
1333 1439 1481 1521 privatim

297 1543 423 1607 ducent
447 1546 479 1605 in
505 1545 615 1607 domos
637 1542 847 1627 vectigalibus
871 1550 1021 1607 tueantur
1043 1564 1109 1627 per
1133 1544 1359 1628 publicanos
1382 1565 1480 1627 aqua·

295 1671 369 1713 rum
398 1650 541 1714 ductus.“
588 1650 778 1733 Magnopere
809 1651 892 1713 enim
924 1650 1157 1733 providebatur,
1187 1670 1228 1714 ne
1258 1653 1330 1735 quis
1360 1651 1480 1714 violare

296 1757 417 1821 ductus
443 1776 598 1840 aquamve
621 1777 687 1821 non
711 1777 891 1820 concessam
916 1758 1062 1821 derivare
1085 1759 1215 1821 auderet
1238 1757 1355 1836 (Front.
1377 1760 1406 1838 2,
1426 1760 1480 1839 97)

295 1872 396 1947 atque
428 1866 529 1927 tutela
560 1865 759 1947 singularum
789 1885 946 1948 aquarum
977 1866 1097 1928 locari
1129 1866 1221 1929 solita
1244 1873 1292 1928 ost
1315 1868 1480 1949 positaque

297 1971 612 2054 redemptoribus
632 1973 804 2035 necessitas
824 1973 944 2034 certum
966 1992 1134 2035 numerum
1154 1974 1236 2035 circa
1256 1973 1371 2035 ductus
1390 1979 1481 2036 extra

297 2078 424 2157 urbem,
445 2088 564 2141 certum
584 2080 615 2140 in
636 2078 714 2142 urbe
733 2097 896 2141 servorum
916 2079 1055 2142 habendi
1075 2079 1223 2163 opificum
1238 2079 1356 2162 (Front.
1375 2082 1403 2160 2,
1415 2080 1479 2158 96).

298 2184 348 2247 llx
390 2188 442 2249 his
475 2185 618 2248 Frontini
657 2186 763 2249 verbis
803 2192 934 2269 apparet
972 2206 1069 2269 penes
1108 2186 1347 2269 publicanos,
1386 2185 1477 2249 siout'

298 2292 473 2356 Vitruvius
491 2293 575 2374 dicit,
600 2312 756 2375 aquarum
777 2293 892 2355 ductus
911 2295 1043 2356 tutelam
1063 2295 1161 2356 fuisse
1180 2294 1280 2356 libera
1298 2313 1333 2357 re
1344 2294 1478 2377 publica.

298 2398 432 2463 Etenim
469 2400 587 2481 quibus
623 2400 750 2483 publice
788 2399 906 2482 aliquid
941 2400 1122 2464 faciendum
1157 2401 1322 2464 locatum
1361 2407 1417 2482 est,
1451 2402 1481 2463 ei

297 2506 564 2589 redemptores
583 2507 632 2569 vel
654 2506 850 2589 publicani
870 2507 1139 2587 vocabantur31⁶¹J
1163 2510 1219 2589 qui
1237 2507 1398 2590 publicani
1418 2508 1480 2569 iam

296 2614 373 2677 inde
401 2634 420 2675 a
443 2632 555 2697 regum
579 2611 795 2676 Romanorum
825 2615 1020 2697 temporibus
1051 2613 1220 2678 exstabant
1230 2616 1281 2693 1⁶2)
1310 2622 1405 2696 atque
1429 2633 1480 2676 so-

298 2720 472 2783 cietatibus
505 2722 686 2803 congregati
700 2723 750 2801 163)
784 2722 878 2783 etiam
910 2740 1013 2803 aquae
1037 2720 1185 2784 ductibus
1209 2719 1413 2783 aedificandis
1427 2724 1479 2799 ¹⁶²)

301 2846 432 2911 operam
458 2827 581 2889 dabant.

392 2934 506 3016 Itaque
531 2935 560 2997 ei
585 2934 730 3016 vectigali
754 2934 838 3017 quod
865 2934 1005 2997 solutum
1025 2941 1073 2997 est
1091 2954 1146 3017 pro
1168 2934 1355 2997 usufructu
1377 2954 1480 3016 aquae

301 3042 469 3124 ipsius¹⁶⁵l
499 3041 531 3103 id
563 3041 679 3103 addere
702 3041 782 3122 licet,
813 3043 839 3104 si
865 3040 1050 3103 Vitruvium
1074 3041 1152 3125 („uti
1177 3092 1183 3105 .
1209 3094 1215 3105 .
1241 3092 1247 3103 .
1272 3042 1480 3122 vectigalibus

302 3154 453 3211 tueantur
475 3166 531 3231 per
554 3148 739 3231 publicanos
762 3168 916 3230 aquarum
942 3148 1075 3210 ductus“
1098 3169 1126 3231 p.
1151 3149 1225 3228 207,
1252 3150 1292 3210 14
1317 3154 1364 3231 sq)
1396 3158 1480 3211 recte

302 3257 500 3338 interpretor,
525 3255 610 3337 quod
634 3254 827 3337 penderetur
850 3274 906 3338 pro
930 3256 1054 3317 tutela
1077 3256 1390 3337 aquaeductuum.

394 3361 475 3424 Satis
498 3374 603 3423 autem
628 3364 780 3445 apparuit.
812 3363 914 3442 credo,
946 3381 988 3424 ex
1019 3363 1076 3425 hac
1101 3363 1361 3445 interpretatione
1385 3362 1479 3444 paulo

305 3470 483 3551 copiosiore
509 3489 572 3531 non
601 3469 704 3531 solum
727 3468 913 3531 Vitruvium
939 3469 978 3531 de
1000 3470 1071 3532 iure
1095 3470 1230 3532 tuendae
1254 3469 1480 3551 ducendaeque

396 3610 458 3673 158)
477 3608 600 3662 Lanciani
619 3608 635 3661 l.
651 3608 667 3668 l,
683 3626 707 3677 p.
724 3610 788 3663 594:
808 3610 841 3663 da
860 3614 952 3677 questo
971 3625 1046 3678 passo
1066 3609 1100 3676 (2,
1115 3609 1160 3677 98)
1179 3609 1198 3662 11
1213 3609 1337 3663 Ganucci
1352 3610 1479 3674 (Venafro

306 3696 329 3746 p.
340 3682 385 3741 35)
404 3680 513 3741 deduce,
533 3681 582 3732 che
600 3679 643 3746 „le
662 3680 841 3734 distributioni
860 3683 884 3733 ai
903 3681 999 3749 privati
1018 3682 1131 3749 (turono)
1150 3682 1290 3734 introdottc
1309 3682 1335 3733 in
1349 3681 1434 3733 Roma
1446 3681 1480 3732 da

307 3753 432 3820 Agrippa:
452 3752 479 3803 in
492 3752 671 3819 erprctuziono
690 3752 738 3805 che
757 3752 794 3805 mi
808 3752 913 3805 sembra
927 3751 1083 3820 illegittima.
1122 3753 1235 3820 Agrippa
1253 3753 1311 3805 fece
1325 3752 1438 3805 soltanto
1453 3751 1480 3805 la

307 3823 434 3876 stetistioa
453 3822 521 3875 delle
540 3838 623 3891 acque
641 3824 741 3876 urbane
761 3864 767 3876 .
788 3855 844 3876 .—
865 3823 926 3886 169)
945 3824 1033 3877 Front.
1053 3823 1079 3890 2,
1098 3823 1141 3877 97.
1179 3823 1302 3875 lanciani
1320 3840 1345 3890 p.
1365 3823 1425 3876 593.

395 3893 610 3961 trulmanna,
638 3894 700 3961 1033
728 3895 786 3949 105.
823 3895 976 3948 Hirschfeld
1002 3895 1070 3961 „Die
1088 3893 1263 3947 lraiscrlichen
1283 3893 1478 3961 Verwaltnngs-

308 3962 427 4019 beamten
447 3966 486 4018 bis
504 3966 551 4018 auf
569 3964 742 4020 Diocletian‘·
779 3984 803 4033 p.
823 3965 875 4019 273
894 3981 950 4033 sqq.

396 4038 457 4101 161)
477 4035 505 4092 C.
517 4036 547 4089 G.
559 4037 677 4090 Dietrich
696 4037 817 4105 Beitr'age
832 4054 881 4090 zur
894 4037 1027 4090 Kenntnis
1045 4038 1092 4091 des
1108 4037 1256 4089 rdmischen
1271 4036 1478 4103 Staatspiiohter-

309 4111 429 4174 systema.
466 4108 574 4175 Leipzig
594 4108 670 4164 1877.
708 4126 731 4175 p.
752 4109 794 4162 59.

397 4178 457 4244 162)
476 4178 493 4232 l.
511 4178 528 4232 l.
549 4197 573 4246 p.
593 4180 669 4232 9.-
693 4180 753 4248 163)
774 4198 798 4248 p.
820 4182 860 4234 15.
882 4210 912 4223 —
936 4180 996 4245 164)
1010 4198 1041 4249 p.
1060 4179 1103 4234 52.

387 4250 465 4374 9166)2
477 4250 493 4303 l.
513 4250 529 4302 l.
549 4266 574 4317 p.
594 4252 649 4303 43.⁴
674 4250 826 4317 publicanos
846 4252 984 4303 Vitruvius
1009 4252 1086 4305 etiam
1113 4253 1301 4303 commemorat
1321 4268 1344 4318 p.
1365 4252 1423 4304 145.
1443 4249 1478 4301 23

310 4323 335 4373 et
353 4322 384 4373 11
405 4361 412 4387 ,
433 4324 474 4375 1.
