3684 5217
795 458 1006 518 -57-

324 636 399 698 solos
417 635 618 717 Apollinares
638 641 669 697 et
688 636 825 697 minores
843 634 937 696 ludos
961 634 1098 714 ederant,
1123 633 1272 696 omnibus
1294 632 1379 695 ludis
1401 651 1494 716 prae·

322 748 420 805 essent
450 749 547 824 atque
577 742 692 805 aediles
723 742 814 803 ludos
844 760 906 802 non
932 742 995 804 nisi
1017 740 1189 803 voluntarii
1212 746 1308 822 atque
1331 741 1494 803 rarissime

320 855 465 912 curarent
488 849 541 931 (ci.
564 848 626 912 Dio
652 850 702 930 54,
727 850 761 925 8;
787 850 852 910 vita
876 847 1107 910 Gordianorum
1131 849 1170 929 3).
1208 846 1372 910 Habemus
1395 848 1495 929 igitur

319 956 394 1019 duas
428 957 627 1020 coniectandi
660 975 761 1036 ansas,
794 975 900 1034 unam,
934 974 997 1036 qua
1021 954 1204 1017 Vitruvium
1238 955 1314 1017 haec
1345 961 1418 1017 ante
1441 954 1494 1035 29,

317 1063 454 1142 alteram,
480 1083 542 1145 qua
566 1068 638 1125 ante
663 1064 703 1124 22
728 1063 891 1145 scripsisse
909 1061 1070 1144 probatur,
1094 1082 1175 1144 quas
1198 1063 1242 1124 ita
1261 1063 1496 1143 coniungimus,

318 1176 349 1233 ut
371 1176 550 1233 statuamus
574 1188 648 1232 eum
672 1170 833 1250 scripsisse
857 1174 929 1231 ante
952 1188 1090 1251 pugnam
1115 1170 1285 1230 Actiacam.

402 1277 494 1339 Adeo
519 1276 656 1359 denique
687 1276 725 1338 ad
750 1295 786 1338 ea
809 1275 1057 1357 interpretanda,
1088 1293 1169 1357 quae
1193 1272 1362 1337 Vitruvius
1393 1275 1493 1338 libro

316 1384 438 1447 altero
477 1383 520 1445 de
558 1389 838 1446 structurarum
876 1382 1084 1465 generibus
1121 1383 1253 1464 exponit
1289 1382 1337 1462 (ct.
1370 1404 1398 1465 p.
1429 1385 1494 1464 44),

315 1491 400 1553 unde
432 1490 525 1553 facile
557 1510 614 1553 nos
655 1491 822 1553 transitum
863 1508 973 1573 parare
1006 1508 1099 1571 posse
1131 1488 1294 1571 adparebit
1326 1490 1364 1551 ad
1398 1492 1497 1571 caput

315 1603 465 1680 quartum
490 1598 583 1660 etad
606 1603 703 1660 totam
728 1597 980 1660 dissertationem
1006 1596 1238 1660 absolvendam.

404 1703 659 1785 „Structurarum
680 1723 796 1787 genera
815 1711 890 1767 suut
914 1705 998 1785 haec,
1021 1705 1283 1785 reticulatum,
1307 1722 1370 1785 quo
1394 1722 1495 1765 nunc

316 1830 448 1873 omnes
472 1816 607 1874 utuntur
630 1819 660 1874 et
684 1812 896 1894 antiquum,
926 1811 1010 1893 quod
1033 1812 1190 1873 incertum
1216 1811 1349 1873 dieitur“
1373 1810 1418 1894 (p.
1439 1812 1494 1890 46,

318 1920 357 1981 18
374 1918 436 2000 sq).
468 1920 576 2001 Atque
599 1938 670 1981 cum
695 1937 735 1981 ex
760 1920 856 1981 totius
880 1919 991 2000 capitis
1015 1923 1203 2000 argumento
1221 1923 1289 1980 tum
1314 1937 1355 1980 ex
1379 1918 1496 2000 verbis

316 2044 397 2107 quae
422 2032 602 2107 sequuntur
631 2026 721 2087 initio
749 2026 937 2108 paragraphi
961 2027 1128 2106 tertiae¹⁸³l
1152 2063 1194 2071 -
1218 2025 1319 2108 prima
1342 2032 1373 2088 et
1396 2028 1495 2088 altera

317 2133 355 2195 de
380 2150 475 2213 opere
499 2134 662 2194 reticulato
682 2138 713 2195 et
733 2134 863 2215 antiquo
884 2132 1065 2215 disputatur
1083 2170 1128 2178 —
1146 2138 1231 2195 recte
1250 2133 1397 2214 colligere
1416 2133 1493 2194 mihi

316 2239 426 2301 videor
442 2237 625 2302 Vitruvium
650 2240 687 2301 ab
712 2240 802 2302 initio
827 2259 863 2302 ea
886 2241 1087 2321 potissimum
1111 2240 1227 2303 referre
1251 2245 1282 2302 et
1304 2241 1493 2323 praecipere,

316 2364 398 2427 quae
419 2346 506 2408 urbis
524 2344 642 2409 Romae
661 2348 787 2429 propria
805 2346 900 2409 fuere.
949 2344 1073 2409 Deinde
1097 2347 1182 2428 quod
1208 2348 1285 2408 dicit
1308 2366 1389 2429 „quo
1407 2365 1495 2408 nunc

315 2472 445 2516 omnes
483 2456 636 2515 utuntur‘
676 2454 750 2516 inde
790 2460 918 2536 apparet
950 2473 1023 2516 eum
1056 2473 1119 2515 non
1153 2454 1255 2515 solum
1288 2460 1496 2516 monumenta

314 2559 453 2643 publica,
487 2560 541 2622 sed
574 2560 667 2623 etiam
702 2561 795 2623 aedes
828 2562 965 2642 privatas
998 2566 1147 2643 spectare.
1194 2559 1312 2622 Romae
1335 2561 1433 2642 igitur
1456 2579 1495 2623 eo

314 2674 467 2749 tempore,
492 2685 555 2749 quo
581 2666 746 2731 Vitruvius
770 2669 896 2750 scripsit
920 2669 1091 2749 („nunc“!)‚
1115 2666 1187 2729 illae
1211 2686 1304 2749 opere
1327 2668 1495 2730 reticulato

315 2775 439 2835 exstrui
474 2773 626 2836 solebant.
692 2777 792 2857 Atqui
825 2775 1005 2837 consideres
1043 2775 1139 2838 velim
1173 2794 1252 2857 opus
1291 2775 1490 2837 reticulatum

315 2898 444 2964 perraro
464 2880 600 2942 inveniri
623 2882 656 2942 in
681 2888 878 2944 structura
902 2881 1144 2961 testacea¹⁸4):
1170 2884 1267 2943 immo
1290 2887 1398 2963 postea
1418 2882 1495 2944 haec

316 2988 387 3050 loco
410 2987 499 3049 illius
523 2988 694 3051 substituta
717 2996 762 3051 est
788 2995 884 3071 atque
908 2997 977 3051 tum
1000 2989 1129 3051 demum
1153 2989 1185 3048 in
1211 3007 1306 3050 usum
1330 2989 1494 3071 vulgarem

316 3094 470 3177 pervenit,
490 3113 561 3156 cum
583 3114 675 3178 opere
695 3097 858 3159 reticulato
880 3098 925 3157 uti
946 3096 1173 3176 desierunt,¹⁸⁵)
1193 3096 1240 3171 tcf.
1261 3114 1335 3158 vero
1355 3115 1384 3177 p.
1396 3097 1495 3177 59190)

319 3220 418 3283 quare
441 3202 511 3263 iure
542 3200 627 3264 dicas
650 3204 684 3264 in
709 3204 895 3266 universum
920 3204 999 3265 nihil
1024 3222 1092 3265 esse
1116 3222 1284 3266 commune
1315 3209 1494 3265 structurae

317 3314 472 3370 testaceae
496 3328 568 3370 oum
594 3329 686 3391 opere
709 3311 882 3373 reticulato.
930 3309 1081 3373 Nondum
1105 3312 1203 3393 igitur
1225 3310 1409 3393 pervulgata
1431 3310 1498 3372 luit

318 3419 477 3477 structura
506 3422 641 3479 testacea
666 3416 804 3479 Vitruvii
836 3417 1032 3500 temporibus
1062 3437 1167 3500 neque
1197 3436 1325 3499 prorsus
1349 3423 1494 3479 accurate

318 3521 465 3583 nonnulli
489 3522 550 3583 viri
573 3523 721 3604 dorcet)
744 3544 800 3605 pro
825 3535 908 3587 certo
935 3530 1066 3587 sumunt
1089 3526 1228 3606 Augusti
1253 3522 1495 3602 (lueVitruvii)

319 3633 419 3690 aetate
443 3630 592 3691 transisse
611 3628 771 3693 Romanos
794 3651 813 3692 a
837 3638 996 3695 structura
1019 3631 1159 3693 latericia
1188 3630 1280 3692 -de
1304 3650 1367 3713 qua
1385 3637 1494 3712 postea

320 3753 410 3815 agam
434 3736 541 3797 —ad
575 3744 749 3799 testaceam.
802 3736 890 3812 Quod
927 3740 1019 3801 etiam
1053 3738 1123 3799 aliis
1156 3756 1230 3799 cum
1255 3736 1393 3799 Vitruvii
1425 3742 1493 3798 tum

409 3910 470 3979 183)
491 3911 534 3977 „id
559 3914 646 3964 autem
672 3909 734 3963 licet
758 3912 968 3965 animadvertere
994 3912 1072 3965 etiarn
1098 3912 1130 3963 de
1156 3910 1288 3964 nonnullis
1307 3911 1496 3979 monumentis

319 3996 387 4049 quae
407 3982 494 4034 circa
511 3982 621 4035 urbem
640 3984 711 4035 iacta
729 3986 822 4049 sunt·‘;
841 3988 918 4035 antea
937 3985 1017 4050 igitur
1035 3984 1067 4036 de
1086 3982 1164 4035 urbe
1182 3983 1253 4049 ipsa
1271 3982 1346 4034 dixit.

411 4052 472 4114 184)
492 4052 595 4120 Nissen,
623 4055 714 4122 Pomp.
735 4053 807 4107 Stud.
827 4070 852 4121 p.
872 4054 914 4107 59.
953 4055 1024 4119 Mau,
1054 4054 1145 4122 Pomp.
1165 4053 1245 4108 Beitr.
1267 4070 1291 4121 p.
1312 4052 1336 4105 9.
1374 4054 1495 4122 Pompeii

320 4123 336 4176 i.
355 4124 385 4176 L.
405 4140 431 4176 u.
450 4124 483 4177 K.
502 4141 528 4191 p.
548 4124 590 4181 32.
627 4125 762 4191 Bliimnan
782 4124 955 4193 Technclogie
974 4124 1015 4178 ΙΙΙ
1033 4142 1058 4192 p.
1080 4125 1139 4179 148.

410 4195 472 4264 185)
491 4196 589 4250 Jordan
609 4197 670 4263 Top.
690 4197 704 4249 I
722 4214 746 4264 p.
765 4196 808 4250 22.

410 4266 471 4335 186)
492 4266 586 4320 Nissen
599 4268 725 4326 Laudeslr,
736 4267 771 4321 H.
782 4286 806 4336 p.
818 4266 878 4324 529.
897 4267 1025 4321 Bliimner
1038 4265 1055 4323 l.
1066 4266 1083 4321 l.
1095 4285 1119 4335 p.
1132 4266 1199 4319 1211.
1210 4270 1235 4319 4.
1254 4267 1352 4321 Jordan
1367 4267 1407 4320 l.l.
1417 4268 1492 4336 p.16.
