3684 5217
791 434 1006 512 459-
1155 542 1159 547 1

304 628 519 689 caementis
539 633 662 688 tantum
682 633 776 709 atque
795 630 951 711 imprimis
970 646 1082 711 opere
1106 627 1323 703 reticulat03
1348 628 1375 689 si
1391 626 1485 689 modo

197 718 202 738 '
302 732 361 793 iam
392 732 451 795 illo
488 742 630 815 tempore
661 736 747 796 testis
777 736 828 797 usi
858 741 933 797 sunt
962 736 994 796 in
1027 734 1179 797 aedificiis
1203 736 1340 817 privatis,
1374 734 1486 797 eodem

302 839 392 901 modo
417 840 485 903 hoc
510 840 707 923 factumest,
733 860 796 923 quo
821 840 1046 924 Pompeiis,¹⁹⁰)
1070 847 1107 904 ut
1129 843 1265 924 parietes
1288 842 1486 905 caementicii

299 946 516 1027 cingerentur
538 948 610 1030 pilis
634 955 664 1009 ct
687 948 814 1029 angulis
836 949 988 1011 testaceis.

326 1030 331 1045 ¹
388 1052 493 1127 Quod
515 1055 667 1117 indicium
689 1056 746 1117 etsi
765 1074 828 1116 non
848 1074 977 1138 prorsus
996 1075 1117 1117 novum
1137 1063 1191 1136 est,
1216 1062 1319 1118 tamon
1344 1055 1486 1117 fructum

245 1196 249 1210 ·
296 1160 445 1241 aliquem
474 1161 552 1223 inde
571 1180 629 1223 nos
653 1180 764 1244 capere
789 1161 930 1241 arbitror,
955 1162 1041 1243 quod
1064 1169 1212 1225 accurata
1235 1162 1405 1225 verborum
1429 1161 1487 1223 Vi-

299 1267 532 1331 truvianorum
551 1268 809 1350 interpretatione
828 1269 859 1331 id
879 1268 1094 1347 confirmatur,
1119 1269 1205 1351 quod
1217 1268 1340 1331 erebus
1349 1269 1486 1351 ipsis191)

297 1372 407 1455 aliqua
434 1394 515 1437 curn
539 1374 758 1457 probabilitate
782 1375 929 1455 colligere
952 1378 1014 1437 iam
1039 1376 1137 1438 licuit.

388 1497 521 1582 Opere
544 1505 650 1561 autem
674 1502 831 1582 antiquo
856 1499 993 1564 Romani
1017 1502 1066 1563 usi
1090 1507 1165 1563 sunt
1190 1519 1292 1582 usque
1317 1500 1356 1562 ad
1380 1499 1486 1563 Sullae

298 1608 446 1687 tempora
466 1608 500 1668 in
520 1610 731 1670 monumentis
747 1608 882 1690 publicis
899 1644 939 1653 -
955 1607 1010 1669 ubi
1029 1612 1210 1669 etiamnunc
1232 1607 1484 1689 cognoscitur-

299 1719 326 1772 et
342 1711 492 1775 fortasse
511 1714 544 1774 in
563 1714 778 1777 fundamentis
796 1716 989 1796 privatarum
1009 1714 1200 1793 aedium,1⁹⁸)
1220 1734 1292 1776 curn
1313 1714 1400 1795 ipsae
1419 1734 1485 1776 non

299 1834 315 1878 c
338 1820 534 1901 caementis,
558 1821 612 1883 sed
637 1840 653 1883 6
677 1820 828 1884 lateribus
852 1822 957 1883 crudis
986 1822 1034 1902 (f.
1059 1842 1086 1905 p.
1113 1823 1152 1883 61
1180 1829 1210 1885 61
1233 1841 1262 1883 n.
1289 1823 1340 1897 13)
1364 1820 1485 1883 fierent.

300 1921 349 1985 Ex
376 1925 493 1989 Sullae
517 1934 616 1990 aetate
641 1947 720 2010 opus
744 1929 944 1991 reticulatum
969 1930 1003 1990 in
1027 1948 1121 1991 usum
1144 1929 1310 2010 vulgarem
1335 1929 1422 1990 venit
1434 1928 1485 2008 194)

300 2039 398 2115 atque
421 2037 519 2098 etiam
540 2037 574 2095 in
592 2034 745 2097 aediliciis
763 2036 893 2117 privatis
912 2036 1115 2098 exstruendis
1134 2056 1152 2097 a
1170 2036 1309 2098 latericia
1329 2042 1486 2097 structura

301 2140 338 2200 ad
362 2144 611 2205 caementiciam
635 2143 686 2223 (sc.
698 2161 777 2223 opus
795 2144 1008 2219 reticulatum)
1033 2144 1167 2205 transire
1191 2148 1370 2226 coeperunt,
1393 2142 1486 2204 cuius

302 2248 463 2311 transitus
495 2256 626 2311 aetatem
658 2269 697 2311 ne
727 2250 820 2331 plane
851 2249 978 2331 quidem
1009 2251 1196 2331 praeterisse
1227 2268 1268 2312 ex
1292 2256 1356 2311 toto
1385 2250 1487 2330 capite

305 2350 508 2418 l'itruviano
535 2362 670 2439 apparet.
736 2355 840 2430 Quare
872 2358 904 2418 id
938 2376 1068 2438 quoquc
1101 2356 1179 2418 mihi
1219 2375 1406 2439 persuasum
1439 2361 1487 2417 est

303 2456 504 2542 Vitruvium,
528 2482 609 2544 quae
632 2464 664 2524 in
691 2464 809 2543 §14
830 2465 967 2545 exponit,
991 2483 1055 2525 non
1074 2482 1115 2525 ex
1134 2464 1274 2525 fontibus
1294 2462 1485 2545 qui-busdam

302 2566 463 2650 hausisse,
488 2570 542 2632 sed
562 2589 603 2631 cx
626 2590 683 2633 sua
705 2572 806 2652 ipsius
825 2572 957 2632 scientia
980 2576 1011 2632 et
1035 2570 1177 2632 doctrina
1200 2571 1356 2651 petivisse.
1402 2568 1484 2631 Nam

303 2674 423 2739 insunt
452 2678 484 2738 in
517 2678 566 2740 his
597 2696 632 2739 ea
661 2678 737 2760 ipsa,
772 2696 852 2759 quae
876 2678 912 2739 ad
939 2676 1071 2740 Romam
1100 2677 1259 2759 pertinent
1282 2694 1388 2758 neque
1412 2682 1486 2738 ante

304 2797 378 2844 eum
408 2785 471 2846 dici
494 2792 674 2866 potuerunt,
699 2786 773 2867 quia
796 2786 901 2867 ipsum
926 2784 1068 2846 Vitruvii
1091 2791 1216 2866 tempus
1240 2789 1388 2866 spectant

398 2908 448 2972 Dc
467 2911 674 2991 sequentibus
694 2915 923 2971 structurarum
943 2908 1112 2991 generibus
1134 2909 1213 2969 nibil
1233 2916 1280 2970 est
1297 2908 1485 2984 notandum,

306 3018 394 3095 quod
427 3018 504 3079 certi
533 3017 696 3079 cuiusdam
727 3017 877 3097 temporis
904 3016 1060 3077 indicium
1084 3015 1239 3078 exhibeat.
1279 3014 1403 3097 Septem
1428 3015 1486 3097 igi·

307 3134 360 3184 tur
384 3142 504 3207 genera
536 3131 701 3206 postquam
729 3123 895 3185 Vitruvius
923 3123 1096 3205 proposuit,
1130 3123 1241 3185 suadet
1264 3122 1295 3202 (ᾗ
1320 3124 1360 3203 8),
1393 3128 1429 3183 ut
1451 3122 1485 3183 in

308 3246 373 3293 uno
398 3230 542 3313 eligendo
563 3231 780 3312 perpetuitatis
799 3232 830 3292 et
847 3228 1005 3291 firmitatis
1028 3229 1165 3291 habeant
1183 3232 1345 3291 rationem.
1393 3227 1483 3303 Quod

309 3354 385 3400 vero
418 3344 531 3402 monet.
561 3356 601 3398 ne
632 3338 800 3399 structuris
831 3356 848 3399 6
879 3336 966 3398 molli
998 3344 1159 3399 caemcnto
1187 3336 1295 3398 subtili
1318 3335 1399 3398 facie
1423 3354 1484 3397 ve-

310 3446 477 3507 nustatis
502 3443 618 3507 effectis
642 3446 771 3505 nimiam
798 3442 969 3506 habeamus
994 3446 1159 3506 vetustatis
1175 3442 1280 3522 fidem,
1303 3441 1485 3505 recordabi-

402 3620 463 3689 190)
482 3620 587 3683 Nissen,
608 3619 698 3686 Pomp.
714 3619 787 3672 Stud.
807 3635 832 3685 p.
843 3618 889 3671 27:
909 3620 936 3670 in
952 3618 981 3671 P.
995 3618 1262 3685 kommenGeb'aiudc,
1281 3617 1323 3669 die
1342 3616 1485 3684 durohweg

312 3704 357 3744 aus
372 3691 511 3744 Bacltstein
529 3692 596 3757 sind,
615 3690 688 3743 nicht
707 3707 762 3745 vor,
799 3690 848 3743 Die
867 3689 1064 3743 fontlautenden
1078 3690 1186 3742 Mauern
1202 3690 1310 3741 worden
1325 3687 1484 3740 ausBruch·

310 3764 414 3815 steinen
433 3762 557 3816 erriohtet
579 3763 633 3814 und
657 3778 707 3813 nm·
725 3760 822 3826 Eclen,
846 3762 952 3813 Kanten
975 3761 1030 3812 und
1048 3761 1148 3813 Pteiler
1170 3760 1219 3813 mit
1237 3760 1323 3828 Ziegel
1342 3760 1483 3825 eingetasst.

402 3834 462 3901 191)
483 3850 544 3885 cum
564 3832 680 3886 aedificia
698 3834 800 3901 privata
817 3834 961 3884 maximam
980 3837 1082 3900 partem
1101 3832 1234 3900 perierint,
1260 3830 1344 3882 bonae
1362 3831 1484 3882 fortunae

312 3904 481 3958 tribuendum
505 3911 552 3959 est.
579 3904 646 3971 quod
672 3905 697 3955 in
722 3904 831 3970 duobus,
858 3919 969 3970 quoium
995 3903 1119 3970 reliquiae
1147 3904 1297 3955 etiamnunc
1325 3904 1431 3953 exstant
1450 3932 1484 3940 -

311 3975 418 4029 domurn
437 3977 525 4030 Liviae
545 3981 572 4029 61
590 3975 751 4027 Gelotianam
774 3975 831 4027 dico
856 3978 945 4041 (supra
967 3991 992 4041 p.
1013 3975 1057 4041 58)
1083 4006 1117 4013 -
1142 3974 1276 4026 invenitur
1297 3988 1363 4040 opus
1386 3972 1484 4025 reticu-

313 4044 393 4101 latum
413 4064 471 4101 oum
494 4048 552 4116 pilis
571 4047 694 4099 testaceis
713 4050 893 4105 coniunctum:
921 4045 1077 4099 tribuendae
1102 4046 1173 4097 enim
1198 4051 1260 4097 sunt
1284 4043 1323 4095 illi
1340 4044 1422 4097 aetati
1441 4043 1484 4097 vel

311 4120 399 4171 statim
416 4120 549 4187 sequenti,
569 4119 615 4171 sed
633 4118 681 4171 has
699 4119 792 4170 domus
811 4117 900 4182 fuisse,
920 4133 971 4169 non
992 4116 1089 4169 insulas
1108 4133 1142 4168 no
1160 4115 1331 4168 obliviscaris.

403 4189 461 4257 192)
482 4189 605 4243 lanciani
625 4188 1001 4254 Ἰ,11111116111111616111611611611
1021 4205 1046 4255 p.
1066 4189 1109 4239 45.

402 4261 463 4331 193)
483 4262 510 4315 M
538 4262 624 4327 Voigt.
662 4261 736 4314 Rom.
757 4258 1013 4313 Ρ11116111116111111161·ρ
1032 4277 1056 4327 p.
1076 4257 1137 4311 312.
1151 4290 1185 4297 —
1205 4258 1266 4323 194)
1287 4257 1410 4311 Lanciani
1429 4257 1445 4315 l,
1465 4256 1483 4309 l.
