3684 5217
806 442 1018 503 ..72-

325 618 553 696 gratificaretur
576 619 623 699 (cf.
648 638 675 701 p.
702 619 742 699 6).
790 620 896 701 Atque
926 618 1011 679 idem
1041 618 1125 681 cadit
1154 619 1188 679 ln
1212 617 1283 681 illas
1307 617 1385 681 duas
1408 636 1495 700 para·

325 724 472 807 graphos,
505 726 622 807 quibus
656 725 694 787 de
727 732 884 787 structura
914 724 1056 787 latericia
1086 726 1151 807 agit
1174 726 1211 807 (p.
1237 726 1287 805 52,
1312 726 1429 803 6-53,
1455 725 1494 801 3),

324 850 405 913 quas
430 832 553 894 easdem
574 839 680 914 postea
699 833 832 894 insertas
852 849 920 893 esse
939 833 1081 913 apparet,
1106 832 1279 913 disputavit
1301 833 1385 893 enim
1405 837 1496 892 antea

323 938 365 999 de
396 956 491 1020 opere
521 939 660 1001 latericio
684 942 723 1020 (p.
748 940 800 1019 49,
827 939 842 1000 1
868 939 939 1020 sqq)
970 941 1066 1020 atque
1090 940 1395 1022 argumentationem
1419 956 1497 999 non-

325 1046 423 1107 nullis
456 1046 611 1129 exemplis
643 1046 826 1121 illustravit3
861 1053 1026 1128 postquam
1061 1064 1135 1108 vero
1155 1032 1187 1107 'a
1218 1048 1377 1128 proposito
1408 1045 1498 1126 quasi

326 1152 474 1215 aberrans
505 1153 632 1233 longam
664 1159 694 1216 et
724 1151 859 1234 lepidam
892 1154 932 1216 de
955 1154 1125 1215 Artemisio
1149 1159 1181 1215 et
1203 1151 1334 1215 Rhodiis
1355 1151 1498 1215 fabulam

325 1262 473 1341 narravit,
507 1280 580 1322 curn
613 1266 833 1342 exspectemus
866 1278 939 1321 enm
971 1258 1010 1321 ad
1040 1259 1163 1341 aIIquid
1194 1262 1266 1323 novi
1292 1262 1499 1322 transiturum

327 1384 402 1438 esse,
427 1386 469 1429 sc.
494 1366 531 1428 ad
556 1386 635 1448 opus
660 1368 830 1429 testaceum
857 1366 910 1427 illo
935 1373 1074 1447 tempore
1101 1366 1242 1428 nondum
1266 1367 1500 1449 pervulgatum,

325 1473 365 1534 de
390 1493 453 1555 quo
478 1474 596 1554 dicitu
626 1474 663 1535 18
688 1480 718 1535 el
745 1475 784 1535 19
816 1474 854 1555 (p.
881 1474 931 1553 53,
955 1474 1085 1553 4-20),
1117 1473 1221 1535 subito
1246 1473 1324 1536 redit
1354 1474 1394 1535 ad
1419 1491 1500 1555 opus

325 1579 511 1658 latericium,
535 1581 574 1641 de
598 1600 662 1661 qno
686 1581 748 1641 iarn
773 1581 847 1642 satis
872 1580 973 1641 multa
996 1580 1190 1655 audiVImus3
1217 1598 1321 1663 neque
1344 1583 1500 1643 rationem

326 1686 458 1749 latericii
483 1688 584 1769 operis
608 1688 746 1768 exponit,
778 1688 859 1749 sicut
884 1697 975 1749 antea
998 1686 1037 1748 de
1060 1688 1180 1748 ratione
1204 1687 1346 1749 aliarum>
1362 1689 1501 1750 structu·

325 1812 432 1855 rarum
463 1800 607 1855 accurate
631 1795 694 1875 egit
718 1830 755 1839 -
785 1794 869 1875 quod
894 1795 921 1855 si
946 1793 1078 1872 fecisset,
1108 1793 1214 1856 minus
1242 1794 1433 1855 offenderem
1459 1828 1501 1839 -

325 1900 378 1962 sed
405 1902 543 1983 exponit,
569 1900 646 1981 quid
670 1901 714 1961 ita
738 1920 755 1961 a
779 1900 895 1983 populo
919 1899 1061 1962 Romano
1090 1901 1123 1961 in
1147 1899 1227 1963 urbe
1250 1900 1318 1962 fieri
1342 1901 1373 1961 id
1397 1918 1502 1980 genus

325 2026 390 2069 non
415 2011 563 2090 oporteat.
613 2006 814 2069 llanit'estum
839 2013 887 2069 est
910 2026 983 2070 eum
1008 2008 1092 2086 haer,
1118 2026 1199 2088 quae
1223 2013 1315 2069 antea
1333 2008 1502 2089 scripserat

326 2114 365 2176 de
387 2114 526 2175 latericia
557 2118 724 2191 structura,
756 2134 818 2175 non
847 2116 988 2195 potuisse
1012 2116 1178 2176 immutata
1201 2114 1301 2194 edere,
1331 2122 1499 2197 postquam

326 2224 493 2303 Augustus
513 2221 650 2283 edictum
671 2219 758 2301 illud,
777 2220 821 2283 de
842 2239 905 2302 quo
925 2240 1021 2302 supra
1045 2226 1084 2303 lp.
1107 2222 1149 2283 68
1172 2221 1220 2303 sq)
1244 2223 1302 2304 egi,
1325 2224 1501 2304 proposuit,

326 2328 381 2390 sed
406 2346 484 2411 opus
516 2334 582 2390 erat
607 2329 645 2389 de
670 2346 707 2391 eo
731 2346 831 2409 pauca
862 2327 985 2407 addere,
1016 2346 1056 2390 ne
1085 2332 1313 2409 imperatorem,
1344 2330 1397 2390 cui
1421 2348 1501 2412 opus

326 2453 420 2497 suum
445 2436 599 2497 missurus
624 2442 698 2514 erat,
728 2434 866 2497 laederet
897 2435 1037 2516 neglecta
1062 2454 1098 2496 ea
1122 2436 1189 2516 ipsa
1213 2454 1254 2516 re,
1287 2455 1382 2517 quarn
1408 2438 1501 2519 sequi

325 2540 494 2623 Romanos,
528 2560 664 2623 quorum
698 2544 770 2603 usui
803 2540 950 2603 destinati
984 2550 1073 2603 eraut
1106 2542 1176 2603 libri
1211 2540 1250 2604 de
1282 2543 1501 2622 architectura,

326 2650 464 2730 Augusti
489 2650 703 2730 maximopere
727 2650 882 2711 intererat.

415 2755 475 2818 Sed
493 2774 575 2837 quae
592 2756 630 2818 de
645 2756 772 2817 basilica
782 2754 858 2817 Fani
875 2760 1035 2817 exstructa
1050 2754 1134 2818 etde
1150 2756 1272 2838 legibus
1282 2755 1500 2819 aedificiorum

325 2862 460 2947 publicis
484 2863 635 2944 leguntur
658 2880 714 2924 cur
739 2861 903 2925 Vitruvius
934 2862 1022 2924 librIs
1053 2863 1119 2925 suis
1141 2869 1349 2946 posteaquam
1374 2865 1501 2946 scripsit

326 2969 495 3032 inserenda
518 2971 685 3050 censuerit,
717 2989 788 3032 curn
811 2968 1006 3052 probabilem
1030 2972 1062 3031 in
1089 2970 1219 3031 modum
1244 2988 1294 3031 me
1323 2970 1501 3051 explicasse

326 3095 456 3157 sperem,
489 3076 588 3138 multo
616 3076 775 3139 difficilior
804 3083 851 3138 est
879 3077 1041 3159 explicatu
1068 3078 1160 3138 tertia
1189 3077 1343 3158 quaedam
1369 3096 1427 3150 ree,
1461 3078 1501 3140 de

327 3203 391 3265 qua
415 3202 501 3244 nunc
525 3202 618 3266 agere
643 3184 796 3246 convenit.

415 3289 541 3352 Etenim
566 3291 690 3353 aedem
713 3288 865 3364 Quirini
886 3289 1061 3352 Doricam
1086 3290 1132 3370 (cl.
1144 3310 1171 3372 p.
1184 3291 1240 3364 273
1267 3290 1346 3353 Vitr.
1361 3310 1388 3372 p.
1402 3291 1498 3368 70‚5;

327 3418 355 3480 p.
385 3399 454 3465 179,
481 3398 532 3477 12)
564 3398 735 3459 dedicatam
761 3415 843 3459 auno
868 3418 893 3459 a.
919 3395 989 3460 cur.
1014 3399 1078 3459 293
1104 3418 1129 3460 a.
1153 3395 1186 3458 L.
1211 3396 1337 3478 PapIrio
1362 3395 1500 3460 Cursore

327 3504 403 3585 (Lir.
423 3503 457 3565 X
476 3505 530 3585 46)
554 3502 782 3581 Quirinalibus,
806 3504 835 3566 h.
855 3523 879 3566 e.
901 3525 926 3566 a.
947 3504 975 3566 d.
994 3502 1078 3566 XIII
1101 3502 1169 3565 Kal.
1195 3503 1284 3565 Mart.
1309 3502 1351 3584 ((1.
1373 3504 1395 3567 l.
1416 3502 1448 3565 L.
1469 3504 1500 3566 Ι2

327 3632 355 3694 p.
377 3613 454 3688 3103
481 3609 569 3673 Ouid.
589 3611 659 3675 fast.
679 3610 711 3673 II
732 3612 807 3691 511)
826 3611 973 3673 incendio
992 3612 1067 3672 anni
1092 3631 1117 3672 a.
1139 3610 1208 3673 Chr.
1229 3614 1280 3690 49,
1306 3630 1497 3694 quamquam

326 3716 388 3781 Dio
421 3718 497 3780 dicit
530 3719 590 3799 (41,
618 3720 680 3795 14);
729 3726 812 3801 „7er
832 3714 867 3779 δὲ
988 3713 1045 3780 καὶ
1078 3717 1133 3781 τὸν
1165 3726 1223 3781 τοῦ
1253 3712 1392 3800 Κυρίνου
1422 3717 1499 3780 ναὸν

327 3821 586 3910 κατέφλεξεν)
611 3831 714 3887 tamen
739 3844 800 3887 nou
825 3831 933 3905 totam,
957 3826 1012 3887 sed
1037 3826 1143 3908 aliqua
1167 3844 1207 3887 err
1226 3830 1313 3907 parte
1332 3824 1396 3887 sola
1416 3824 1498 3886 dele-

328 3934 441 4012 tam30)
466 3940 496 3994 et
520 3933 624 3996 statim
648 3933 823 4026 restitutam
848 3952 916 3995 esse
940 3932 1015 3994 inde
1039 3932 1144 4012 colligi
1167 3939 1278 4014 potest,
1308 3930 1392 4013 quod
1415 3932 1497 3993 idern

416 4109 461 4171 30)
480 4108 630 4161 Tenendum
658 4112 705 4173 est,
733 4106 759 4159 id
785 4108 853 4174 quod
878 4108 1010 4161 Beclrerus
1036 4109 1125 4159 monet
1153 4105 1179 4172 (l.
1199 4105 1215 4157 l.
1242 4124 1267 4174 p.
1287 4107 1337 4158 orl
1363 4122 1389 4158 n.
1418 4105 1496 4173 1207)

327 4179 469 4243 interdum,
480 4196 540 4231 cum
555 4178 701 4231 aedilicium
716 4178 849 4246 quodlibet
861 4179 974 4232 flammis
989 4183 1137 4244 correptum
1152 4193 1210 4230 esse
1223 4178 1378 4242 traderetur,
1394 4193 1446 4229 non
1457 4185 1497 4230 to·

328 4252 384 4303 turn
403 4250 558 4317 aediticium,
577 4250 624 4303 sed
643 4253 744 4317 purtem
765 4254 865 4301 tanturn
885 4249 996 4302 deletam
1016 4264 1081 4302 esse.
