3684 5217
832 569 1045 631 ,13-

354 753 497 811 accurate
520 746 752 829 comparaveris
776 764 848 809 cum
875 746 972 808 rebus
998 746 1037 808 ab
1063 747 1211 827 Augusto
1234 746 1340 827 gestis,
1363 744 1528 827 aptissime

354 854 430 916 mihi
467 853 624 916 concedes
660 852 772 915 referri
805 851 845 915 ad
877 859 1003 934 tempus
1041 852 1225 934 triumphi
1262 839 1528 933 victoriaeque

351 962 541 1041 Actiacae,
561 978 602 1023 so.
622 960 660 1022 ad
680 978 780 1022 annos
800 960 969 1040 31-29.³)
998 961 1144 1041 Aegypto
1170 959 1256 1020 enirn
1279 962 1388 1040 pacata
1413 977 1527 1021 omnes

351 1076 454 1131 terrae
479 1072 510 1129 et
533 1066 686 1148 civitatee,
716 1084 797 1149 quae
826 1067 906 1128 mari
935 1068 1061 1129 interno
1085 1064 1280 1145 adiacebant,
1308 1064 1526 1128 Romanorum

351 1174 411 1237 sub
431 1178 585 1257 potestate
605 1181 704 1253 erant,
724 1181 759 1236 ut
778 1174 848 1235 iure
869 1172 1038 1264 Vitruviae
1056 1172 1095 1235 de
1113 1173 1247 1255 imperio
1266 1172 1351 1235 orbis
1370 1179 1527 1235 terrarum

351 1282 440 1365 ioqui
462 1287 578 1363 posset,
601 1286 698 1363 atque
721 1299 829 1343 omnes
852 1280 967 1361 hostes,
992 1280 1048 1362 qui
1072 1279 1206 1341 salutem
1231 1280 1356 1362 imperii
1380 1278 1471 1341 bellis
1495 1285 1531 1341 et

351 1387 501 1450 civilibus
525 1394 556 1449 et
578 1388 720 1449 externis
742 1406 799 1469 per
826 1386 898 1470 plus
927 1392 1052 1449 centum
1079 1404 1180 1447 annos
1209 1385 1472 1469 perturbaverant
1496 1393 1529 1449 et

353 1497 388 1557 in
410 1494 581 1557 discrimen
604 1499 807 1573 vocaverant,
836 1495 986 1576 prostrati
1013 1494 1102 1555 humi
1130 1491 1292 1571 iacebant;
1322 1494 1430 1573 itaque
1453 1512 1531 1574 pax,

358 1603 446 1664 cuius
474 1601 629 1664 desiderio
661 1620 769 1663 omnes
799 1600 873 1662 boni
906 1600 1028 1663 tamdiu
1058 1598 1276 1682 flagraverant,
1307 1599 1429 1661 reddita
1459 1607 1531 1662 erat

359 1707 518 1789 gentibns;
548 1728 645 1790 quam
677 1726 751 1770 vero
775 1708 908 1789 gratiam
934 1709 1020 1771 cives
1044 1708 1191 1789 Augusto
1215 1706 1384 1769 habuerint
1407 1707 1439 1768 et
1465 1712 1530 1769 ret-

358 1814 493 1896 tuierint,
523 1834 617 1877 nemo
647 1816 762 1894 nescit,
793 1816 848 1897 qui
879 1793 1047 1877 Horatium
1078 1814 1219 1896 perlegit,
1232 1812 1258 1893 ι)
1293 1831 1399 1896 neque
1431 1833 1528 1895 quam

354 1922 468 2003 cupide
488 1928 518 1985 et
537 1921 705 2004 diligenter
719 1924 884 2004 Augustus
901 1924 1049 2003 Aegypto
1067 1939 1217 1983 reversus
1236 1922 1341 1984 statim
1358 1920 1481 2003 legibus
1497 1927 1533 1983 et

352 2029 507 2092 institutis
531 2047 596 2092 rem
621 2028 779 2111 publicam
803 2035 981 2111 temperare
999 2028 1165 2092 studuerit.
1204 2024 1328 2101 Quibus
1346 2028 1444 2090 rebus
1461 2046 1531 2089 om-

352 2135 448 2198 nibus
467 2135 673 2198 consideratis
693 2134 830 2224 dubitari
845 2136 901 2197 vix
916 2138 1028 2218 potest,
1042 2135 1145 2216 credo,
1165 2135 1243 2217 quin
1260 2153 1305 2216 ea,
1325 2153 1408 2215 quae
1419 2134 1531 2196 Vitru-

352 2244 426 2305 vius
459 2243 550 2304 initio
581 2242 785 2325 praefationis
816 2242 904 2322 dicit,
936 2243 1115 2324 pertineant
1144 2242 1184 2303 ad
1217 2246 1343 2324 tempus
1375 2241 1529 2323 triumphi

352 2350 570 2431 victoriaeque
603 2350 753 2411 Actiacae
790 2367 895 2431 neque
929 2349 992 2411 dici
1025 2350 1188 2431 potuerint
1220 2348 1259 2411 de
1291 2348 1354 2411 aiio
1388 2355 1533 2429 tempore

355 2456 551 2538 principatus
573 2456 724 2538 Augusti,
748 2456 836 2518 velut
860 2454 898 2518 de
923 2458 1015 2517 aunis
1042 2456 1180 2518 itt-13.

442 2562 501 2625 Illo
524 2564 623 2645 igitur
644 2564 785 2645 tempore
809 2563 913 2643 (annis
939 2563 1083 2640 31-29)
1112 2562 1275 2624 Vitruvius
1303 2581 1368 2623 non
1392 2560 1533 2623 audebat

358 2671 448 2733 tantis
466 2670 666 2752 imperatoris
685 2675 716 2732 et
734 2670 851 2732 civium
872 2669 1143 2752 occupationibus,
1160 2686 1240 2751 quae
1260 2668 1299 2729 de
1318 2668 1531 2730 architectura

355 2777 418 2839 iam
449 2776 642 2859 scripserat
672 2782 703 2839 et
733 2778 856 2857 magnis
880 2776 1128 2858 cogitationibus
1159 2774 1405 2859 explicaverat,
1436 2772 1533 2836 edere

356 2886 395 2967 (p.
422 2885 450 2964 1,
475 2886 491 2946 7
517 2889 574 2965 sq).
621 2883 806 2966 Sequitur
827 2884 950 2964 igitur
979 2885 1138 2964 primum
1163 2882 1381 2945 Vitruvium
1413 2899 1533 2963 quae-

356 2990 437 3053 dam
468 2989 512 3053 de
543 2992 805 3053 architectura
834 2990 977 3070 scripta
1008 2987 1187 3051 habuisse
1217 2991 1291 3051 iam
1322 2994 1530 3071 antequam

355 3117 483 3180 pugna
500 3100 584 3161 Ac
559 3104 717 3160 traca-
672 3103 767 3159 ut
785 3102 938 3161 certum
940 3112 1052 3178 empus
1071 3094 1303 3177 significem-
1324 3097 1530 3180 imperium

358 3206 668 3287 etprincipatum
689 3203 755 3268 Oct
742 3205 923 3268 tavianus
946 3202 1051 3266 solus
1075 3205 1292 3285 occupavit;
1301 3205 1429 3286 ⁵)quae
1452 3224 1532 3269 num

444 3383 471 3447 3)
490 3380 671 3433 Gardthausen
705 3381 827 3447 „Augus
828 3395 859 3432 us
884 3379 940 3431 und
964 3378 1037 3432 seine
1063 3378 1138 3432 Zeit“
1168 3377 1198 3431 Ιι
1223 3397 1248 3446 p.
1268 3379 1319 3432 387
1339 3395 1395 3446 sqq.
1420 3378 1533 3447 trusi,

357 3452 433 3520 impr.
453 3452 506 3507 480
524 3467 561 3519 sq.
581 3450 611 3504 1²
630 3466 686 3518 cap.
706 3449 856 3503 VI—VIII.
894 3449 937 3503 Π1
961 3466 986 3517 p.
1009 3449 1064 3503 264
1086 3466 1123 3518 sq.
1149 3450 1184 3505 cf.
1203 3450 1298 3504 Vellei.
1336 3449 1429 3504 1189:
1457 3450 1530 3503 finita

357 3524 482 3577 vicesimo
507 3538 576 3577 anno
602 3520 669 3575 bella
693 3521 787 3587 civilia,
814 3521 916 3589 sepulta
940 3524 1059 3586 externa,
1084 3524 1208 3575 revocata
1229 3538 1290 3589 pax,
1316 3522 1416 3589 sopitus
1433 3520 1535 3587 ubique

357 3611 491 3648 armorum
514 3595 597 3661 surm,
625 3592 749 3646 restituta
774 3593 815 3646 vis
840 3592 950 3661 legibus
976 3593 1080 3647 iudiciis
1104 3593 1254 3660 auctoritas,
1280 3592 1381 3645 senatui
1400 3591 1530 3657 maiestas,

358 3666 497 3746 imperium
516 3665 718 3734 magistratuum
737 3664 771 3717 ad
789 3665 854 3732 prist
855 3664 927 3717 inum
943 3665 1079 3718 redactum
1093 3665 1237 3721 modum.
1250 3664 1338 3717 ‚redit
1351 3663 1439 3717 cuitus
1452 3662 1533 3729 agris,
1552 3726 1555 3731 .

359 3736 440 3792 sacris
459 3738 549 3805 honos,
568 3736 696 3789 securitas
713 3736 872 3793 hominibus

445 3808 566 3874 Newton,
584 3806 752 3860 Halicarnass
766 3808 817 3861 and
832 3807 937 3891 Cnidos,
950 3807 975 3872 2,
987 3806 1003 3859 2
1019 3826 1043 3876 p
1054 3807 1118 3870 695;
1138 3806 1171 3929 pi
1181 3804 1342 3859 LXXXVII
1360 3798 1533 3889 εἰρηνεύουσι

357 3880 411 3951 μὲν
424 3881 478 3949 γιιιι
492 3883 529 3949 γῆ
539 3899 574 3931 aa
575 3872 729 3943 tertiana,
745 3876 840 3937 πόλεις
854 3880 881 3931 δὲ
898 3873 1035 3932 ιῖνθοίσιν
1050 3873 1165 3949 εὐνομίᾳ
1148 3873 1272 3949 ιιὸιιονοι
1275 3899 1292 3946 ιι
1302 3895 1331 3929 τε
1342 3896 1387 3928 κιιι
1399 3871 1533 3945 ευετιιρίμι

447 3921 902 4030 ιιι·)ι(ιιιιιιιι.1.ῗιιιιι.468.

447 4022 474 4089 5)
493 4020 589 4087 Quare,
608 4022 677 4087 quod
697 4021 742 4073 Vit
732 4020 833 4073 truvius
851 4020 879 4072 in
898 4022 1061 4086 praefatione
1079 4020 1138 4073 libri
1162 4020 1247 4086 quinti
1238 4019 1306 4085 i(p
1327 4018 1387 4084 103,
1405 4016 1533 4086 24-21),

359 4092 434 4147 dicit:
461 4108 530 4160 ,non
549 4092 637 4145 minus
656 4108 717 4145 curn
735 4090 980 4145 animadvertissem
1007 4092 1146 4143 distentam
1165 4088 1378 4157 occupationibus
1397 4088 1532 4142 civitatem

358 4134 514 4289 publiciset
531 4163 640 4231 privatis
659 4163 778 4231 negotiis,
798 4162 888 4231 paucis
907 4161 1020 4214 iudicavi
1038 4161 1263 4215 scribendum“
1282 4176 1305 4215 e
1325 4176 1350 4228 q
1369 4176 1389 4214 s
1393 4176 1536 4243 ,occupa-

358 4237 444 4289 tiones
461 4234 521 4289 illae
539 4234 667 4303 publicae,
688 4250 749 4287 cum
763 4234 821 4287 det
809 4237 927 4301 tempore
941 4232 1012 4299 loqui
1024 4232 1152 4299 videatur,
1171 4247 1224 4298 quo
1237 4231 1352 4284 scribere
1371 4231 1530 4301 coeperit,

360 4306 448 4360 nescio
464 4322 499 4359 uu
516 4320 570 4359 non
588 4306 697 4359 eaedem
715 4305 769 4359 sint
785 4304 978 4371 intellegendae
995 4304 1029 4355 de
1046 4303 1141 4370 quibus
1159 4318 1240 4369 supra
1258 4304 1298 4371 egi
1317 4303 1395 4371 (Vitr.
1414 4320 1439 4372 ιι.
1460 4305 1483 4366 1
1505 4305 1536 4368 7)

359 4378 407 4432 sod
429 4377 527 4431 rectius
549 4378 705 4431 referendae
728 4377 761 4429 ad
779 4375 849 4429 bella
867 4390 929 4429 cum
947 4376 1008 4431 Sex.
1027 4374 1160 4442 Pompeio,
1183 4374 1291 4443 Lepido,
1315 4375 1428 4428 Antonio
1446 4377 1535 4444 gesta
