3684 5217
774 564 973 627 ..6-

288 740 459 803 Vitruvius
477 743 720 804 monumentum
737 742 895 824 quoddam
916 744 986 805 eius
999 743 1069 805 aevi
1081 744 1228 824 omiserit,
1241 744 1316 806 dum
1327 743 1461 827 aliquod

287 846 445 931 posterius
477 848 670 911 memoravit.
726 846 810 911 Fieri
843 867 980 931 namque
1011 850 1123 931 potuit,
1155 857 1200 929 ut,
1233 868 1306 911 cnm
1338 850 1465 913 Auctor

289 954 450 1037 integrum
469 973 548 1037 opus
568 953 727 1034 scriberet,
752 973 788 1017 ea
806 955 949 1017 nondum
973 962 1135 1018 exstarent
1158 957 1190 1018 61
1212 957 1360 1037 sequenti
1383 964 1461 1020 tem·

287 1079 372 1143 pore,
396 1062 482 1144 quod
505 1062 587 1124 inter
610 1060 721 1144 Operis
748 1062 1013 1143 conscriptionem
1044 1069 1075 1124 et
1105 1062 1334 1125 dedicationem
1364 1067 1461 1126 inter-

287 1170 389 1248 cessit,
414 1167 577 1231 aedificata
599 1168 730 1246 luerint3
762 1168 897 1250 ideoque
921 1187 994 1231 cum
1018 1188 1076 1231 sua
1098 1169 1263 1231 volumina
1286 1150 1463 1232 Octaviano

288 1275 401 1355 ederet,
433 1293 543 1337 eorum
574 1274 708 1337 alicuius
737 1275 957 1339 tantummodo
986 1276 1039 1337 vel
1069 1294 1127 1337 suo
1158 1276 1276 1339 iudicio
1305 1276 1462 1358 dignioris

287 1381 340 1444 vel
369 1384 470 1464 magis
503 1383 534 1443 in
566 1400 633 1445 rem
663 1381 807 1445 facientis
841 1384 1031 1444 mentionem
1065 1387 1141 1445 tunc
1170 1382 1460 1466 addiderit;.quod

285 1489 469 1570 praesertim
498 1489 616 1551 facturn
646 1488 773 1551 videtur
801 1490 836 1550 in
867 1488 1077 1576 descriptione
1108 1488 1264 1552 Basilicas
1294 1488 1461 1571 Fanestris,

287 1595 342 1656 ubi
361 1595 499 1676 Augusti
520 1577 637 1657 mentio
657 1601 717 1675 est3
741 1613 778 1657 ea
797 1612 935 1676 namque
955 1595 1122 1676 descriptio
1141 1614 1295 1679 parergon
1317 1604 1459 1680 apparet:

287 1702 452 1764 manifesta
475 1702 605 1783 insuper
628 1703 698 1764 eius
718 1701 880 1763 addendae
903 1702 983 1763 ratio
1007 1708 1062 1776 est,
1093 1720 1164 1764 cum
1189 1702 1228 1765 de
1251 1702 1394 1766 aedificio
1419 1702 1460 1766 ab

286 1825 320 1870 se
345 1813 522 1870 constructo
547 1826 598 1869 res
619 1809 667 1889 sit,
698 1813 729 1870 61
752 1809 784 1869 111
810 1826 873 1889 quo
898 1806 1107 1870 describendo
1131 1809 1273 1890 Augusti
1303 1811 1458 1893 templum

286 1914 361 1976 alibi
384 1932 448 1976 non
472 1915 668 1977 nominatum
692 1914 835 1993 refertur,
857 1915 901 1976 ita
926 1921 960 1976 ut
983 1914 1095 1977 eodem
1119 1921 1259 1997 tempore
1283 1918 1405 1979 Auctor
1428 1926 1462 1980 et

287 2025 433 2103 Augusto
453 2027 484 2083 et
502 2020 562 2083 sibi
581 2039 637 2103 per
655 2039 723 2084 eam
745 2020 936 2083 additionem
954 2020 1212 2103 gratificaretur.“
1248 2020 1336 2097 Quae
1355 2023 1461 2104 verba,

287 2147 423 2209 quorum
440 2127 533 2190 velim
554 2128 729 2191 recorderis
748 2129 781 2189 in
800 2127 863 2190 fine
883 2128 1123 2207 dissertationis,
1144 2131 1259 2192 mirum
1278 2131 1311 2192 in
1329 2130 1458 2192 modum

285 2240 466 2317 congruunt
494 2252 567 2296 cum
596 2235 649 2314 eis,
679 2254 760 2319 quae
788 2236 867 2328 ipse.
883 2236 992 2297 inveni
1021 2237 1082 2297 iam
1107 2240 1277 2316 antequam
1301 2235 1459 2296 Marinins

286 2341 363 2407 mihi
387 2342 584 2405 innotuisset.
632 2344 771 2424 Apparet
799 2346 905 2404 autem
931 2360 972 2404 err
996 2341 1101 2404 verbis
1127 2342 1196 2403 eius
1224 2339 1402 2403 Vitruvium
1427 2340 1457 2402 ei

286 2448 389 2511 videri
412 2449 575 2530 scripsisse
597 2450 708 2531 primis
734 2450 926 2531 principatus
951 2448 1090 2530 Augusti
1113 2448 1213 2527 annis,
1236 2448 1310 2509 116.
1333 2450 1406 2508 ante
1429 2466 1457 2509 a.

284 2556 336 2635 27,
366 2555 398 2617 id
430 2555 514 2637 quod
541 2574 581 2618 ex
608 2555 713 2619 verbis
737 2556 806 2618 eius
831 2556 869 2618 de
894 2554 1024 2617 basilica
1046 2554 1189 2618 Fanestri
1216 2555 1286 2616 iure
1310 2553 1460 2636 colligere

284 2662 366 2741 licet,
397 2669 492 2745 atque
517 2663 681 2745 aliquanto
712 2668 785 2745 post
816 2662 945 2725 demum
976 2662 1072 2724 libros
1100 2662 1321 2725 additamentis
1349 2666 1459 2723 auctos

284 2768 429 2834 edidisse.
477 2768 567 2844 Quod
594 2770 707 2832 vellem
731 2769 793 2831 viri
817 2768 900 2829 docti
925 2787 990 2830 non
1014 2769 1238 2851 neglexissent.

374 2873 574 2960 Quamquam
604 2879 666 2938 iam
697 2876 792 2957 paulo
823 2880 896 2937 ante
928 2893 1000 2937 eum
1033 2875 1181 2937 nonnulli
1214 2876 1276 2937 viri
1307 2874 1391 2937 docti
1422 2874 1458 2935 in

284 2980 383 3045 Hirtii
413 2985 569 3046 sententia
600 3002 663 3044 non
688 2984 912 3065 acquieverant
937 2989 968 3045 61
991 2982 1211 3062 quaestionem
1239 2980 1325 3041 illam
1351 2979 1460 3042 denuo

285 3089 511 3152 instituendam
533 3096 734 3166 censuerant,
756 3087 811 3151 sed
831 3108 903 3150 cum
924 3086 1152 3165 sachsiusffl)
1171 3092 1359 3167 argumento
1379 3104 1458 3167 quo-

283 3196 355 3259 dam
379 3196 478 3273 1116116,
503 3213 566 3277 quo
591 3214 648 3257 nos
674 3213 803 3277 quoque
828 3195 915 3257 usuri
940 3212 1060 3272 sumus,
1083 3192 1290 3255 contenderet
1313 3191 1460 3281 Vitruvi-

283 3321 338 3364 um
370 3320 432 3362 non
462 3320 555 3383 posse
585 3306 655 3384 post
684 3321 804 3364 annum
835 3322 861 3365 a.
886 3300 958 3365 Chr.
982 3301 1024 3363 30
1055 3300 1226 3381 scripsisse,
1257 3318 1340 3361 anno
1370 3300 1459 3361 1828

283 3407 354 3471 (lhr.
387 3406 436 3473 Fr.
470 3406 502 3469 L.
536 3407 757 3472 Schultzius
789 3410 823 3470 in
856 3409 969 3472 litteris
1002 3407 1042 3469 ad
1066 3405 1268 3469 Goethium
1301 3406 1407 3468 missis
1420 3407 1458 3481 ¹⁹)

282 3515 380 3579 libros
398 3515 469 3577 illos
493 3513 553 3577 sub
574 3514 713 3577 Vitruvii
732 3517 861 3579 nomine
880 3515 1083 3597 pervulgatos
1102 3512 1226 3576 decimo
1245 3532 1273 3595 p.
1294 3510 1364 3574 Obr.
1388 3531 1459 3575 sae·

282 3623 354 3686 culo
378 3621 417 3684 ab
441 3622 674 3704 archiepiscopo
694 3621 828 3685 Gerbert
851 3623 983 3704 scriptos
1007 3627 1038 3683 et
1057 3619 1207 3681 Vitruvio
1231 3619 1357 3683 cuidam
1381 3638 1458 3702 sup·

281 3730 399 3812 positos
439 3748 507 3792 6666
539 3729 661 3807 statuit3
701 3729 887 3791 criminatus
919 3734 1024 3789 autem
1056 3732 1105 3789 est
1137 3732 1297 3789 auctorem
1328 3726 1457 3789 illorum

280 3835 435 3898 librorum
457 3855 520 3898 non
540 3836 744 3899 architectum
764 3835 848 3915 artis,
874 3853 969 3916 quam
988 3831 1202 3917 profitebatur,
1225 3834 1369 3916 peritum,
1393 3832 1450 3895 sed·

282 3942 442 4005 falsarium
473 3949 504 4006 et
527 3944 686 4005 hominem
717 3942 862 4023 ignarum
894 3958 972 4019 esse,
1004 3942 1061 4024 qui
1089 3959 1131 4003 ne
1161 3958 1214 4003 eas
1246 3940 1374 4022 quidem
1396 3958 1458 4015 res,

287 4068 370 4129 quae
401 4068 477 4113 suae
508 4051 583 4113 artis
613 4056 726 4128 essent,
760 4055 843 4111 recte
872 4047 1078 4131 intellegeret,
1111 4047 1167 4110 sed
1198 4047 1299 4109 multa
1324 4046 1401 4109 falsa
1425 4054 1456 4109 61

372 4224 531 4307 1818661166
557 4224 732 4301 „Gesohichte
756 4224 810 4277 und
835 4222 1035 4293 Beschreibung
1061 4223 1108 4275 der
1132 4222 1203 4275 alten
1229 4221 1303 4275 Stadt
1327 4220 1414 4274 Rom“
1442 4219 1457 4273 1

284 4293 583 4433 18241111116161.
603 4367 671 4421 uus.
691 4367 729 4420 rv
748 4366 839 4436 (reae)
859 4383 883 4435 p.
903 4365 956 4419 aaa
974 4381 1031 4434 sqq.
