3684 5217
805 510 1016 569 „54-

326 701 426 766 aquae
450 685 590 765 potuisse
613 684 667 746 illa
690 685 825 748 scribere
848 692 921 748 ante
942 688 992 766 31,
1016 686 1071 748 sed
1097 688 1189 749 etiam
1211 687 1315 769 aptius
1334 686 1499 769 scripsisse

325 789 379 850 illo
403 796 542 872 temporo
566 810 661 873 quam
685 800 802 873 postea.

414 930 547 995 Duobus
577 932 655 995 locis
685 932 744 1014 (VI
766 934 863 1017 praef.
889 936 907 996 6
932 954 977 1016 sq.
1024 932 1057 997 X
1080 934 1173 1017 praef.
1199 937 1228 1015 2)
1260 934 1428 997 Vitruvius
1457 932 1498 997 de

325 1040 546 1102 architectis
573 1038 752 1103 Romanis
782 1041 924 1123 loquitur
954 1048 984 1104 et
1015 1048 1076 1104 tam
1109 1041 1225 1104 multos
1254 1042 1496 1104 architecturam

325 1148 469 1227 queritur
492 1165 640 1209 exerce-re
663 1148 749 1227 artis,
781 1168 875 1230 quam
900 1147 1116 1232 profiteantur,
1147 1168 1210 1210 non
1236 1150 1365 1230 peritos3
1398 1166 1497 1229 quare

325 1271 418 1335 saepe
451 1261 555 1336 patres
587 1253 734 1335 familiae,
776 1258 831 1337 qui
865 1257 911 1317 eis
945 1256 1037 1317 aedes
1070 1257 1210 1337 privatas
1243 1254 1497 1317 exaedificandas

324 1360 436 1438 locent,
475 1381 619 1443 magnam
652 1362 806 1423 iacturam
838 1363 950 1430 facere,
988 1381 1058 1424 cum
1098 1362 1259 1424 architecti
1292 1363 1494 1425 constitutam

324 1468 477 1549 pecuniae
515 1487 670 1531 summam
711 1469 845 1531 multum
887 1467 1055 1546 excedant3
1097 1470 1206 1550 itaque
1244 1469 1353 1531 laudat
1390 1475 1496 1551 patres

323 1574 526 1654 familiarum,
546 1576 620 1657 „qui
637 1576 830 1637 litteraturae
846 1574 962 1637 fiducia
981 1574 1156 1637 confirmati
1174 1596 1229 1658 per
1246 1596 1279 1638 se
1296 1574 1496 1638 aedificantes

323 1684 367 1742 ita
390 1682 541 1758 iudicant,
565 1684 592 1743 si
614 1683 770 1764 imperitis
790 1684 832 1743 sit
850 1683 1118 1759 committendum,
1142 1683 1227 1765 ipsos
1247 1684 1352 1765 potius
1373 1682 1497 1765 dignio-

324 1808 374 1849 res
398 1807 466 1850 esse
496 1790 534 1850 ad
564 1808 653 1850 suam
678 1789 873 1851 voluntatem
903 1807 998 1870 quam
1028 1787 1068 1849 ad
1092 1789 1226 1851 alienam
1251 1790 1403 1872 pecuniae
1422 1808 1496 1850 con-

324 1914 449 1957 sumere
472 1896 645 1958 summam“
669 1898 710 1978 (p.
737 1897 809 1974 133,
833 1898 875 1957 28
899 1896 978 1977 sqq).
1026 1898 1132 1977 Atque
1163 1896 1354 1958 exercebant
1377 1894 1497 1958 Romae

324 2005 501 2084 antiquitus
532 2003 772 2064 architecturam
804 2023 868 2065 non
898 2002 1002 2064 solum
1033 2004 1203 2084 architecti,
1238 2004 1293 2084 qui
1325 2004 1393 2065 eius
1424 2004 1497 2065 artis

324 2110 429 2171 studio
454 2110 550 2171 dediti
572 2108 706 2190 fuerant,
737 2109 792 2172 sed
816 2115 847 2172 et
870 2111 955 2172 servi
979 2118 1009 2172 et
1032 2110 1171 2171 libertini
1200 2117 1231 2171 et
1254 2110 1339 2171 cives
1363 2108 1496 2171 Romani

325 2218 510 2299 quicunque
544 2216 770 2293 volebant316⁶t
813 2235 911 2297 quare
943 2216 1036 2278 facile
1069 2215 1245 2297 expeditur,
1285 2216 1369 2297 quod
1403 2234 1496 2297 saepe

324 2321 443 2385 Romae
472 2323 581 2384 domos
611 2330 642 2384 et
669 2323 788 2385 insulas
816 2324 898 2385 male
927 2321 1147 2385 exaedificatas
1170 2325 1328 2385 corruisse
1354 2298 1495 2405 legimus

323 2428 423 2511 Leges
447 2436 552 2491 autem
576 2430 711 2510 aedium,
735 2430 852 2511 quibus
871 2430 1078 2491 constitutum
1098 2435 1171 2510 erat,
1196 2430 1355 2512 quomodo
1380 2438 1410 2492 et
1434 2450 1496 2511 qua

324 2538 462 2610 materia,
495 2540 577 2599 intra
608 2538 692 2618 quod
723 2547 848 2619 tempus
880 2535 1056 2598 aedificium
1088 2556 1106 2597 a
1135 2536 1271 2598 locatore
1304 2536 1494 2599 conductum

325 2644 555 2706 exstruendum
587 2650 678 2723 esset,
710 2645 758 2705 vel
791 2643 950 2724 quomodo
982 2654 1012 2703 et
1042 2644 1168 2723 quaudo
1198 2641 1315 2705 locator
1337 2652 1496 2724 praestare

323 2751 490 2831 pecuniam
515 2750 643 2813 deberet
667 2749 709 2831 (X
732 2750 829 2832 praei.
854 2751 886 2829 2)
917 2750 979 2810 iam
1005 2748 1103 2811 libera
1132 2749 1315 2831 republica
1340 2751 1496 2812 exstitisse

325 2863 454 2920 constat.
466 2858 520 2937 167)

413 3000 561 3061 Iudicia
591 3019 648 3081 suc
679 3005 819 3081 tempore
849 3018 912 3060 nou
945 2998 1047 3061 solum
1079 3000 1110 3061 iu
1142 2998 1280 3061 basilicis
1303 3005 1334 3060 et
1356 2999 1423 3060 foro
1448 2998 1495 3077 (cl.

324 3128 353 3189 p.
373 3108 435 3186 35),
460 3107 514 3169 sed
539 3108 634 3169 etiam
660 3106 746 3168 domi
769 3105 875 3167 habita
894 3124 961 3168 esse
980 3105 1148 3168 Vitruvius
1167 3110 1302 3167 testatur
1319 3125 1348 3187 p.
1372 3106 1443 3185 146,
1463 3106 1495 3181 13

326 3232 424 3296 quare
447 3214 481 3274 in
501 3213 647 3275 domibus
665 3212 821 3274 nobilium
841 3211 987 3274 basilicas
1011 3232 1093 3292 „non
1118 3212 1263 3273 dissimili
1286 3211 1381 3275 modo
1401 3232 1495 3293 quam

324 3320 521 3401 publicorum
546 3339 676 3402 operum
702 3318 952 3397 uragnificeutia“
976 3319 1202 3400 comparandas
1226 3338 1302 3399 esse,
1334 3318 1438 3400 „quod
1462 3320 1494 3379 iu

326 3428 472 3489 domibus
504 3447 612 3489 eorum
643 3429 768 3509 saepius
798 3438 829 3488 et
858 3425 986 3509 publica
1016 3426 1148 3487 consilia
1179 3436 1209 3488 et
1231 3427 1355 3507 privata
1378 3426 1496 3487 iudicia

325 3535 515 3616 arbitriaque
538 3533 776 3596 conficiuntur“.
824 3532 884 3607 Qui
909 3552 978 3594 mos
1003 3552 1195 3614 quamquam
1220 3532 1279 3595 sub
1303 3533 1497 3615 imperatori·

327 3642 384 3704 bus
409 3642 537 3704 demum
561 3641 769 3721 invaluit,1⁶⁸)
800 3650 902 3703 tameu
928 3641 989 3701 iam
1016 3637 1180 3701 Caesarem
1205 3638 1344 3701 Deiotari
1370 3658 1494 3701 causam

416 3854 477 3921 166)
496 3852 627 3922 Ruggiero
655 3852 704 3905 diz.
734 3853 815 3919 epigr.
843 3869 868 3918 p.
889 3851 970 3919 ctos?
999 3866 1019 3902 e.
1034 3846 1071 3905 ’1,
1100 3850 1266 3903 architectus.
1303 3848 1496 3903 Friedlaeudcr.

325 3926 499 3992 Sittengesch.
519 3924 560 3977 III
579 3941 604 3991 p.
624 3925 676 3978 303
695 3940 733 3991 sq.
771 3923 872 3988 Brunu,
892 3922 996 3974 Griech.
1008 3920 1223 3989 Kiinstlergesoh.
1243 3919 1270 3972 Il
1289 3937 1313 3987 p.
1333 3921 1386 3973 334
1404 3936 1459 3988 sqq.

415 4014 476 4081 167)
494 4015 570 4079 Reid,
589 4014 643 4066 Das
662 4015 726 4065 16111.
746 4012 914 4065 Priratrecht
932 4028 958 4063 u.
978 4012 1025 4063 der
1044 4010 1229 4077 Zirilprozcss.³
1249 4009 1319 4062 1858
1343 4026 1368 4077 p.
1389 4008 1496 4073 rrssar.

325 4086 455 4148 Karlcwa,
483 4086 557 4139 Rom.
583 4084 769 4152 Rechtsgesoh.
795 4083 822 4136 II
851 4101 874 4149 p.
901 4081 953 4135 649
979 4098 1016 4149 sq.
1055 4082 1193 4149 Wiegand
1222 4079 1322 4134 Puteol.
1342 4080 1496 4154 Bauinschr.

325 4156 434 4211 Jahrbb.
454 4157 473 4214 f.
493 4156 559 4209 Phil.
580 4155 671 4223 Suppl.
690 4154 747 4208 XX
765 4173 790 4222 p.
811 4154 918 4222 6782'90.

343 4241 344 4244 ‘
416 4246 477 4312 roa)
496 4247 527 4297 er.
539 4247 568 4298 1.
581 4246 604 4297 1.
615 4244 646 4297 u.
657 4244 717 4297 xu-
731 4248 749 4297 t.
769 4244 812 4297 lo.
841 4243 857 4298 1,
877 4242 1033 4298 411111,
1054 4242 1094 4295 rs.
1126 4241 1142 4293 1.
1164 4242 1176 4292 1
1197 4202 1390 4295 11111114.
1428 4240 1496 4292 uass

326 4318 357 4368 ad
376 4316 457 4369 Taciti
475 4318 605 4384 dialogum
626 4332 648 4367 c.
668 4316 710 4369 39.
749 4314 946 4367 Keller-Wach.
985 4313 1059 4366 R'om.
1080 4312 1244 4380 Zivilprozess
1263 4329 1288 4379 p.
1309 4310 1342 4362 12
1361 4326 1399 4379 sq.
