3684 5217
795 425 1008 487 ..24-

314 600 483 665 Vitruvius
512 620 548 664 eo
579 608 719 684 tempore
749 602 918 684 scripserit,
950 621 1013 685 quo
1043 602 1111 685 ipse
1141 620 1175 665 se
1205 602 1369 684 scripsisse
1400 601 1486 683 dicit,

315 727 356 770 sc.
381 713 453 771 ante
477 709 528 770 31.
574 706 701 771 Etenim
725 711 752 771 si
775 708 937 792 apparebit
961 708 1144 772 Vitruvium
1171 710 1344 771 maximam
1366 716 1485 791 partem

315 834 423 877 earum
447 834 561 896 rerum,
591 834 670 896 quas
699 816 731 877 in
759 814 848 878 libris
872 816 939 879 suis
962 815 1087 898 profert,
1115 821 1180 878 tam
1204 821 1277 879 ante
1299 834 1419 878 annum
1444 816 1483 878 31

316 941 411 1002 quarn
441 925 549 1003 postea
574 920 710 985 scribere
734 922 884 1004 potuisse,
915 923 1017 1006 ipsius
1040 923 1079 985 de
1106 940 1200 1005 opere
1223 942 1282 986 suo
1304 922 1485 986 testimonio

315 1026 425 1090 confisi
449 1028 496 1107 (cf.
520 1048 548 1111 p.
571 1028 625 1111 18)
646 1046 710 1090 nou
734 1027 951 1092 dubitabimus
975 1029 1164 1092 contendere
1188 1048 1241 1092 eas
1263 1029 1395 1113 scriptas
1418 1047 1486 1092 esse

315 1154 333 1196 a
356 1132 505 1197 Vitruvio
530 1140 603 1198 ante
631 1155 657 1197 a.
684 1137 741 1214 313
772 1140 867 1219 atque
891 1136 1028 1223 elucebit
1050 1136 1108 1198 hac
1132 1137 1316 1218 quaestione
1344 1137 1486 1199 absoluta

316 1259 388 1303 eum
413 1247 513 1305 totum
538 1242 602 1305 fere
622 1261 709 1325 opus,
734 1243 818 1325 quod
838 1244 953 1305 nostris
972 1244 1005 1304 in
1025 1243 1172 1305 manibus
1191 1248 1246 1325 est,
1271 1244 1329 1306 boc
1347 1249 1486 1328 tempore

314 1366 484 1431 scripsisse.

404 1490 533 1554 Constat
560 1498 667 1553 autem
690 1490 876 1553 Vitruvium
905 1491 1060 1555 librorum
1083 1492 1122 1554 de
1152 1493 1362 1556 architectura
1386 1493 1488 1556 maxi·

315 1617 398 1659 marn
412 1603 533 1681 partem
551 1599 775 1680 conscripsisse
791 1617 831 1660 ex
845 1596 988 1661 lontibus
1002 1617 1074 1662 cum
1089 1597 1242 1662 Romanis
1260 1606 1328 1662 turn
1345 1599 1486 1677 Graecis;

315 1723 395 1786 quae
417 1706 515 1787 igitur
533 1706 596 1767 illis
616 1704 717 1785 debet,
736 1705 764 1767 h.
784 1705 803 1767 l.
827 1706 861 1766 in
885 1723 1015 1776 censum
1043 1704 1149 1768 venire
1173 1725 1237 1768 non
1261 1719 1402 1789 possunt,
1424 1708 1487 1770 nisi

314 1817 369 1873 aut
392 1813 440 1874 sui
464 1812 613 1894 temporis
643 1812 747 1875 fontes
777 1811 856 1873 adiit
886 1817 943 1873 aut
970 1830 1045 1875 suae
1074 1811 1235 1886 doctrinae
1267 1813 1486 1877 additamentis

313 1917 416 1981 fontes
435 1919 534 1999 auxit,
553 1936 657 2000 neque
677 1917 928 1981 obliviscendum
949 1920 1068 1981 ostiam
1079 1925 1151 1982 ante
1162 1919 1347 1982 Vitruvium
1366 1927 1487 1984 veteres

314 2024 528 2089 aedificavisse
552 2032 583 2088 et
606 2025 645 2087 de
668 2025 877 2089 architectura
900 2026 1017 2108 scripta
1040 2026 1214 2107 reliquisse.

402 2158 514 2242 Neque
538 2178 612 2222 vero
640 2159 776 2221 multum
799 2165 907 2222 nostra
936 2159 1029 2222 refert
1052 2177 1111 2221 nos
1134 2160 1265 2223 minime
1288 2160 1352 2223 iam
1376 2179 1487 2225 omnes

314 2272 458 2329 auctores
482 2266 677 2348 cognovisse,
709 2265 826 2348 quibus
857 2286 937 2329 usus
967 2272 1021 2348 est,
1047 2284 1152 2348 neque
1177 2268 1253 2329 satis
1283 2269 1488 2351 perspexisse,

315 2392 396 2455 quae
425 2373 504 2435 ratio
534 2372 709 2436 intercedat
739 2373 823 2435 hunc
852 2374 936 2435 inter
965 2380 995 2435 et
1025 2372 1105 2436 illos.
1152 2372 1235 2437 Satis
1265 2374 1417 2437 babemus
1440 2376 1488 2435 in-

315 2480 469 2562 tellegere,
494 2479 550 2542 ubi
574 2479 807 2562 antiquioribus
835 2480 1015 2543 auctoribus
1043 2499 1120 2543 usus
1143 2482 1202 2560 sit;
1230 2482 1256 2543 si
1282 2481 1358 2563 quid
1382 2489 1486 2544 tamen

317 2587 351 2648 in
378 2588 427 2649 his
457 2586 600 2669 partibus
623 2589 854 2669 cognoscimus,
886 2587 971 2668 quod
996 2588 1066 2650 eius
1088 2589 1239 2671 temporis
1269 2593 1300 2651 et
1329 2588 1490 2651 doctrinae

315 2694 478 2776 proprium
502 2699 557 2776 est,
582 2699 617 2757 ut
639 2694 756 2756 indicio
775 2693 867 2756 nobis
887 2694 987 2776 possit
1005 2713 1072 2757 esse
1091 2695 1130 2759 de
1149 2701 1290 2778 tempore
1309 2697 1489 2778 quaerenti-

314 2800 382 2882 bus,
405 2801 505 2863 veluti
529 2802 563 2862 in
586 2800 676 2863 libris
699 2819 783 2862 nono
808 2807 838 2863 et
867 2800 997 2882 decimo,
1030 2804 1085 2884 qui
1114 2804 1171 2866 toti
1200 2802 1266 2866 fere
1295 2821 1337 2865 ex
1361 2802 1488 2866 Graecis

314 2907 456 2970 fontibus
481 2908 651 2991 conscripti
675 2912 758 2989 sunt,
783 2908 893 2970 autin
919 2910 972 2989 eis,
1003 2928 1084 2991 quae
1112 2911 1151 2971 de
1174 2907 1340 2969 ordinibus
1362 2906 1487 2989 Dorico,

315 3014 432 3094 lonico,
453 3013 615 3077 Corinthio
635 3014 687 3077 vel
707 3015 745 3077 de
765 3013 894 3097 balneis,
919 3014 1065 3094 basilicis,
1089 3010 1245 3076 similibus
1263 3010 1366 3089 refert,
1389 3016 1488 3094 respi-

316 3121 436 3184 ciendis
459 3121 508 3184 his
533 3139 659 3203 operam
685 3122 759 3184 dare
783 3123 900 3185 studui.

405 3252 590 3317 Cavendum
614 3260 661 3317 est
684 3263 850 3338 praeterea,
875 3274 915 3317 ne
939 3258 1104 3337 praecepta
1123 3249 1264 3314 Vitruvii
1289 3251 1327 3314 de
1350 3250 1485 3333 singulis

315 3365 411 3429 rebus
435 3364 508 3427 data
536 3382 609 3425 curn
640 3364 862 3443 monumentis,
894 3379 975 3444 quae
1005 3359 1044 3422 ad
1075 3376 1134 3420 nos
1163 3365 1385 3440 pervenerunt,
1414 3376 1488 3420 con-

315 3473 451 3536 ferentes
471 3471 697 3534 obliviscamur
715 3488 819 3551 neque
837 3486 961 3550 semper
979 3486 1051 3529 eum
1068 3466 1144 3527 haec
1158 3472 1323 3548 praecepta
1342 3466 1492 3547 petivisse

317 3601 335 3643 a
359 3580 454 3643 rebus
477 3579 563 3662 ipsis
589 3595 670 3660 quae
689 3596 799 3640 revera
819 3572 993 3640 exstabant.
1018 3572 1073 3635 sed
1093 3591 1187 3654 saepe
1205 3591 1332 3635 normas
1351 3579 1382 3635 et
1400 3592 1491 3656 regu-

318 3689 364 3751 las
386 3687 540 3770 posuisse,
566 3704 646 3767 quas
670 3684 830 3747 architecti
850 3681 941 3762 sequi
961 3678 1112 3742 deberent
1131 3686 1185 3742 aut
1204 3683 1339 3762 possent,
1363 3681 1390 3742 si
1413 3680 1489 3762 quid

317 3794 467 3877 perficere
491 3793 616 3874 vellent,
642 3791 726 3875 quod
750 3790 810 3873 ipsi
835 3787 913 3851 utile
935 3785 1112 3870 videbatur,
1140 3806 1245 3871 neque
1269 3787 1375 3849 omnia
1399 3786 1491 3850 nobis

319 3905 524 3964 monumenta
546 3905 671 3962 servata
693 3915 769 3976 esse,
800 3896 854 3959 sed
879 3894 1050 3957 maximam
1075 3914 1184 3958 eorum
1209 3901 1328 3976 partem
1352 3894 1493 3977 periisse,

320 4014 365 4088 ut,
384 4008 411 4070 si
423 4027 519 4089 quani
531 4005 672 4069 Vitruvii
682 4003 823 4086 regulam
843 4008 968 4066 secutos
986 4020 1055 4065 esse
1073 4002 1258 4065 architectos
1276 3999 1492 4063 aedificiorum

321 4114 519 4196 quorundam
544 4113 773 4194 cognoscimus
797 4128 879 4194 quae
902 4111 990 4173 illius
1008 4110 1103 4173 aetati
1122 4107 1292 4171 tribuenda
1314 4112 1396 4186 sunt,
1420 4107 1493 4169 inde

320 4220 451 4284 minime
475 4225 559 4282 certa
582 4223 770 4302 argumenta
788 4219 857 4301 capi
880 4218 1004 4301 possint
1022 4215 1063 4278 ad
1081 4223 1215 4299 tempus,
1240 4232 1303 4296 quo
1322 4213 1377 4276 ille
1395 4214 1493 4296 scrip-
