<?xml version="1.0" encoding="UTF-8"?>
<!DOCTYPE html PUBLIC "-//W3C//DTD XHTML 1.0 Transitional//EN"
    "http://www.w3.org/TR/xhtml1/DTD/xhtml1-transitional.dtd">
<html xmlns="http://www.w3.org/1999/xhtml" xml:lang="en" lang="en">
 <head>
  <title>
</title>
<meta http-equiv="Content-Type" content="text/html;charset=utf-8" />
  <meta name='ocr-system' content='tesseract 3.04.00' />
  <meta name='ocr-capabilities' content='ocr_page ocr_carea ocr_par ocr_line ocrx_word'/>
</head>
<body>
  <div class='ocr_page' id='page_1' title='image "./quaestionumvitr00dietgoog_0012.png"; bbox 0 0 3684 5217; ppageno 0'>
   <div class='ocr_carea' id='block_1_1' title="bbox 784 560 983 621">
    <p class='ocr_par' dir='ltr' id='par_1_1' title="bbox 784 560 983 621">
     <span class='ocr_line' id='line_1_1' title="bbox 784 560 983 621; baseline 0 -18"><span class='ocrx_word' id='word_1_1' title='bbox 784 560 983 621; x_wconf 40' lang='lat' dir='ltr'>..ad</span> 
     </span>
    </p>
   </div>
   <div class='ocr_carea' id='block_1_2' title="bbox 288 734 1488 3599">
    <p class='ocr_par' dir='ltr' id='par_1_2' title="bbox 288 734 1488 3599">
     <span class='ocr_line' id='line_1_2' title="bbox 301 734 1471 820; baseline 0.003 -22"><span class='ocrx_word' id='word_1_2' title='bbox 301 736 382 798; x_wconf 89' lang='lat' dir='ltr'>hano</span> <span class='ocrx_word' id='word_1_3' title='bbox 405 737 593 799; x_wconf 80' lang='lat' dir='ltr'>sententiam</span> <span class='ocrx_word' id='word_1_4' title='bbox 616 734 775 819; x_wconf 72' lang='lat' dir='ltr'>probasse,</span> <span class='ocrx_word' id='word_1_5' title='bbox 798 740 936 813; x_wconf 82' lang='lat' dir='ltr'>statuere</span> <span class='ocrx_word' id='word_1_6' title='bbox 954 735 1061 799; x_wconf 85' lang='lat' dir='ltr'>licebit</span> <span class='ocrx_word' id='word_1_7' title='bbox 1080 755 1149 799; x_wconf 89' lang='lat' dir='ltr'>eam</span> <span class='ocrx_word' id='word_1_8' title='bbox 1168 737 1222 800; x_wconf 91' lang='lat' dir='ltr'>illo</span> <span class='ocrx_word' id='word_1_9' title='bbox 1241 742 1383 820; x_wconf 90' lang='lat' dir='ltr'>tempore</span> <span class='ocrx_word' id='word_1_10' title='bbox 1401 756 1471 820; x_wconf 89' lang='lat' dir='ltr'>per·</span> 
     </span>
     <span class='ocr_line' id='line_1_3' title="bbox 297 842 1470 927; baseline 0.002 -24"><span class='ocrx_word' id='word_1_11' title='bbox 297 842 459 926; x_wconf 80' lang='lat' dir='ltr'>vulgatam</span> <span class='ocrx_word' id='word_1_12' title='bbox 484 847 515 906; x_wconf 90' lang='lat' dir='ltr'>et</span> <span class='ocrx_word' id='word_1_13' title='bbox 538 842 722 905; x_wconf 82' lang='lat' dir='ltr'>tralaticium</span> <span class='ocrx_word' id='word_1_14' title='bbox 745 842 852 921; x_wconf 82' lang='lat' dir='ltr'>fuisse,</span> <span class='ocrx_word' id='word_1_15' title='bbox 875 843 935 905; x_wconf 90' lang='lat' dir='ltr'>etsi</span> <span class='ocrx_word' id='word_1_16' title='bbox 957 860 1007 906; x_wconf 87' lang='lat' dir='ltr'>res</span> <span class='ocrx_word' id='word_1_17' title='bbox 1029 844 1097 926; x_wconf 89' lang='lat' dir='ltr'>ipsa</span> <span class='ocrx_word' id='word_1_18' title='bbox 1116 843 1196 907; x_wconf 89' lang='lat' dir='ltr'>ferre</span> <span class='ocrx_word' id='word_1_19' title='bbox 1214 845 1324 927; x_wconf 91' lang='lat' dir='ltr'>potuit,</span> <span class='ocrx_word' id='word_1_20' title='bbox 1348 850 1383 907; x_wconf 95' lang='lat' dir='ltr'>ut</span> <span class='ocrx_word' id='word_1_21' title='bbox 1406 863 1470 906; x_wconf 91' lang='lat' dir='ltr'>non</span> 
     </span>
     <span class='ocr_line' id='line_1_4' title="bbox 299 947 1472 1031; baseline 0.003 -20"><span class='ocrx_word' id='word_1_22' title='bbox 299 948 454 1029; x_wconf 85' lang='lat' dir='ltr'>deessent,</span> <span class='ocrx_word' id='word_1_23' title='bbox 484 950 540 1031; x_wconf 90' lang='lat' dir='ltr'>qui</span> <span class='ocrx_word' id='word_1_24' title='bbox 563 947 890 1030; x_wconf 80' lang='lat' dir='ltr'>alitersentirent.1²)</span> <span class='ocrx_word' id='word_1_25' title='bbox 935 948 997 1011; x_wconf 86' lang='lat' dir='ltr'>Sed</span> <span class='ocrx_word' id='word_1_26' title='bbox 1025 956 1111 1012; x_wconf 88' lang='lat' dir='ltr'>carta</span> <span class='ocrx_word' id='word_1_27' title='bbox 1140 968 1248 1013; x_wconf 91' lang='lat' dir='ltr'>eorum</span> <span class='ocrx_word' id='word_1_28' title='bbox 1280 951 1409 1014; x_wconf 90' lang='lat' dir='ltr'>nomina</span> <span class='ocrx_word' id='word_1_29' title='bbox 1435 957 1472 1014; x_wconf 90' lang='lat' dir='ltr'>ut</span> 
     </span>
     <span class='ocr_line' id='line_1_5' title="bbox 298 1054 1470 1140; baseline 0.002 -23"><span class='ocrx_word' id='word_1_30' title='bbox 298 1054 410 1117; x_wconf 85' lang='lat' dir='ltr'>afferre</span> <span class='ocrx_word' id='word_1_31' title='bbox 439 1074 573 1138; x_wconf 90' lang='lat' dir='ltr'>possem,</span> <span class='ocrx_word' id='word_1_32' title='bbox 604 1055 682 1118; x_wconf 90' lang='lat' dir='ltr'>mihi</span> <span class='ocrx_word' id='word_1_33' title='bbox 711 1074 777 1118; x_wconf 91' lang='lat' dir='ltr'>non</span> <span class='ocrx_word' id='word_1_34' title='bbox 805 1056 945 1138; x_wconf 89' lang='lat' dir='ltr'>contigit.</span> <span class='ocrx_word' id='word_1_35' title='bbox 992 1054 1158 1119; x_wconf 89' lang='lat' dir='ltr'>Polenus</span> <span class='ocrx_word' id='word_1_36' title='bbox 1181 1058 1281 1139; x_wconf 90' lang='lat' dir='ltr'>igitur</span> <span class='ocrx_word' id='word_1_37' title='bbox 1302 1063 1470 1140; x_wconf 90' lang='lat' dir='ltr'>postquam</span> 
     </span>
     <span class='ocr_line' id='line_1_6' title="bbox 299 1162 1472 1246; baseline 0.002 -21"><span class='ocrx_word' id='word_1_38' title='bbox 299 1162 703 1244; x_wconf 71' lang='grc'><strong>1011011100110173911.</strong></span> <span class='ocrx_word' id='word_1_39' title='bbox 728 1162 838 1245; x_wconf 91' lang='lat' dir='ltr'>„plane</span> <span class='ocrx_word' id='word_1_40' title='bbox 861 1163 1020 1226; x_wconf 80' lang='lat' dir='ltr'>existumo</span> <span class='ocrx_word' id='word_1_41' title='bbox 1043 1163 1179 1239; x_wconf 83' lang='lat' dir='ltr'>(veteri</span> <span class='ocrx_word' id='word_1_42' title='bbox 1203 1166 1472 1246; x_wconf 87' lang='lat' dir='ltr'>communique</span> 
     </span>
     <span class='ocr_line' id='line_1_7' title="bbox 297 1268 1470 1354; baseline 0 -22"><span class='ocrx_word' id='word_1_43' title='bbox 297 1287 521 1351; x_wconf 90' lang='lat' dir='ltr'>permanens</span> <span class='ocrx_word' id='word_1_44' title='bbox 535 1270 573 1332; x_wconf 93' lang='lat' dir='ltr'>in</span> <span class='ocrx_word' id='word_1_45' title='bbox 593 1269 999 1351; x_wconf 74' lang='lat' dir='ltr'>sententiai&#39;Augustum</span> <span class='ocrx_word' id='word_1_46' title='bbox 1017 1268 1116 1332; x_wconf 82' lang='lat' dir='ltr'>fuisse</span> <span class='ocrx_word' id='word_1_47' title='bbox 1133 1269 1360 1354; x_wconf 79' lang='lat' dir='ltr'>Imperatorem</span> <span class='ocrx_word' id='word_1_48' title='bbox 1379 1270 1470 1332; x_wconf 92' lang='lat' dir='ltr'>illum</span> 
     </span>
     <span class='ocr_line' id='line_1_8' title="bbox 297 1373 1472 1459; baseline -0.001 -21"><span class='ocrx_word' id='word_1_49' title='bbox 297 1373 470 1454; x_wconf 83' lang='lat' dir='ltr'>Gaesarem,</span> <span class='ocrx_word' id='word_1_50' title='bbox 489 1377 541 1439; x_wconf 91' lang='lat' dir='ltr'>cui</span> <span class='ocrx_word' id='word_1_51' title='bbox 552 1374 720 1439; x_wconf 87' lang='lat' dir='ltr'>Vitruvius</span> <span class='ocrx_word' id='word_1_52' title='bbox 739 1395 834 1439; x_wconf 92' lang='lat' dir='ltr'>suum</span> <span class='ocrx_word' id='word_1_53' title='bbox 853 1376 892 1439; x_wconf 95' lang='lat' dir='ltr'>de</span> <span class='ocrx_word' id='word_1_54' title='bbox 908 1376 1128 1438; x_wconf 86' lang='lat' dir='ltr'>Architectura</span> <span class='ocrx_word' id='word_1_55' title='bbox 1146 1396 1228 1459; x_wconf 91' lang='lat' dir='ltr'>opus</span> <span class='ocrx_word' id='word_1_56' title='bbox 1246 1377 1472 1459; x_wconf 85' lang='lat' dir='ltr'>nuncupavit“,</span> 
     </span>
     <span class='ocr_line' id='line_1_9' title="bbox 297 1480 1482 1564; baseline 0.002 -19"><span class='ocrx_word' id='word_1_57' title='bbox 297 1484 512 1546; x_wconf 89' lang='lat' dir='ltr'>controversia</span> <span class='ocrx_word' id='word_1_58' title='bbox 535 1484 573 1547; x_wconf 90' lang='lat' dir='ltr'>de</span> <span class='ocrx_word' id='word_1_59' title='bbox 596 1483 655 1545; x_wconf 91' lang='lat' dir='ltr'>hac</span> <span class='ocrx_word' id='word_1_60' title='bbox 678 1502 713 1548; x_wconf 89' lang='lat' dir='ltr'>re</span> <span class='ocrx_word' id='word_1_61' title='bbox 736 1483 910 1546; x_wconf 88' lang='lat' dir='ltr'>diiudicata</span> <span class='ocrx_word' id='word_1_62' title='bbox 934 1480 1102 1546; x_wconf 89' lang='lat' dir='ltr'>videbatur</span> <span class='ocrx_word' id='word_1_63' title='bbox 1125 1501 1200 1547; x_wconf 90' lang='lat' dir='ltr'>esse.</span> <span class='ocrx_word' id='word_1_64' title='bbox 1479 1559 1482 1564; x_wconf 11' lang='grc' dir='ltr'><em>Α</em></span> 
     </span>
     <span class='ocr_line' id='line_1_10' title="bbox 385 1588 1471 1673; baseline 0.001 -22"><span class='ocrx_word' id='word_1_65' title='bbox 385 1588 487 1652; x_wconf 91' lang='lat' dir='ltr'>Paulo</span> <span class='ocrx_word' id='word_1_66' title='bbox 515 1595 586 1673; x_wconf 89' lang='lat' dir='ltr'>post</span> <span class='ocrx_word' id='word_1_67' title='bbox 613 1607 687 1652; x_wconf 91' lang='lat' dir='ltr'>vero</span> <span class='ocrx_word' id='word_1_68' title='bbox 712 1588 908 1672; x_wconf 86' lang='lat' dir='ltr'>Morgagni</span> <span class='ocrx_word' id='word_1_69' title='bbox 938 1590 986 1651; x_wconf 89' lang='lat' dir='ltr'>vir</span> <span class='ocrx_word' id='word_1_70' title='bbox 1014 1588 1126 1651; x_wconf 90' lang='lat' dir='ltr'>doctus</span> <span class='ocrx_word' id='word_1_71' title='bbox 1154 1589 1259 1653; x_wconf 92' lang='lat' dir='ltr'>denuo</span> <span class='ocrx_word' id='word_1_72' title='bbox 1287 1609 1356 1652; x_wconf 89' lang='lat' dir='ltr'>earn</span> <span class='ocrx_word' id='word_1_73' title='bbox 1386 1591 1471 1653; x_wconf 81' lang='lat' dir='ltr'>exci-</span> 
     </span>
     <span class='ocr_line' id='line_1_11' title="bbox 294 1695 1470 1780; baseline 0 -21"><span class='ocrx_word' id='word_1_74' title='bbox 294 1697 388 1775; x_wconf 89' lang='lat' dir='ltr'>tavit;</span> <span class='ocrx_word' id='word_1_75' title='bbox 403 1696 441 1778; x_wconf 81' lang='grc'>11)</span> <span class='ocrx_word' id='word_1_76' title='bbox 465 1697 577 1759; x_wconf 87' lang='grc'><strong>0011110</strong></span> <span class='ocrx_word' id='word_1_77' title='bbox 598 1697 682 1759; x_wconf 89' lang='lat' dir='ltr'>enirn</span> <span class='ocrx_word' id='word_1_78' title='bbox 701 1697 772 1759; x_wconf 92' lang='lat' dir='ltr'>loco</span> <span class='ocrx_word' id='word_1_79' title='bbox 791 1696 927 1780; x_wconf 89' lang='lat' dir='ltr'>quodam</span> <span class='ocrx_word' id='word_1_80' title='bbox 947 1695 1111 1759; x_wconf 83' lang='lat' dir='ltr'>Strabonis</span> <span class='ocrx_word' id='word_1_81' title='bbox 1129 1715 1203 1759; x_wconf 91' lang='lat' dir='ltr'>cum</span> <span class='ocrx_word' id='word_1_82' title='bbox 1226 1695 1413 1778; x_wconf 76' lang='lat' dir='ltr'>Vitruvi014)</span> <span class='ocrx_word' id='word_1_83' title='bbox 1436 1698 1470 1759; x_wconf 94' lang='lat' dir='ltr'>in</span> 
     </span>
     <span class='ocr_line' id='line_1_12' title="bbox 297 1802 1471 1885; baseline 0 -20"><span class='ocrx_word' id='word_1_84' title='bbox 297 1802 431 1885; x_wconf 88' lang='lat' dir='ltr'>epistula</span> <span class='ocrx_word' id='word_1_85' title='bbox 454 1803 494 1866; x_wconf 92' lang='lat' dir='ltr'>ad</span> <span class='ocrx_word' id='word_1_86' title='bbox 519 1803 652 1866; x_wconf 91' lang='lat' dir='ltr'>eundem</span> <span class='ocrx_word' id='word_1_87' title='bbox 673 1802 826 1867; x_wconf 90' lang='lat' dir='ltr'>Polenum</span> <span class='ocrx_word' id='word_1_88' title='bbox 852 1802 961 1866; x_wconf 84' lang='lat' dir='ltr'>scribit</span> <span class='ocrx_word' id='word_1_89' title='bbox 979 1804 1038 1865; x_wconf 90' lang='lat' dir='ltr'>sic:</span> <span class='ocrx_word' id='word_1_90' title='bbox 1064 1804 1127 1883; x_wconf 90' lang='lat' dir='ltr'>„sic</span> <span class='ocrx_word' id='word_1_91' title='bbox 1149 1802 1276 1866; x_wconf 89' lang='lat' dir='ltr'>haerere</span> <span class='ocrx_word' id='word_1_92' title='bbox 1294 1821 1344 1866; x_wconf 92' lang='lat' dir='ltr'>me</span> <span class='ocrx_word' id='word_1_93' title='bbox 1363 1803 1471 1883; x_wconf 85' lang='lat' dir='ltr'>fateor,</span> 
     </span>
     <span class='ocr_line' id='line_1_13' title="bbox 296 1910 1471 1993; baseline 0.001 -21"><span class='ocrx_word' id='word_1_94' title='bbox 296 1914 334 1972; x_wconf 93' lang='lat' dir='ltr'>ut</span> <span class='ocrx_word' id='word_1_95' title='bbox 356 1910 582 1992; x_wconf 91' lang='lat' dir='ltr'>propemodum</span> <span class='ocrx_word' id='word_1_96' title='bbox 611 1911 764 1992; x_wconf 90' lang='lat' dir='ltr'>suspicari</span> <span class='ocrx_word' id='word_1_97' title='bbox 791 1911 942 1993; x_wconf 90' lang='lat' dir='ltr'>incipiam</span> <span class='ocrx_word' id='word_1_98' title='bbox 970 1914 1094 1991; x_wconf 90' lang='lat' dir='ltr'>autea,</span> <span class='ocrx_word' id='word_1_99' title='bbox 1125 1929 1206 1993; x_wconf 89' lang='lat' dir='ltr'>quae</span> <span class='ocrx_word' id='word_1_100' title='bbox 1229 1910 1322 1973; x_wconf 92' lang='lat' dir='ltr'>modo</span> <span class='ocrx_word' id='word_1_101' title='bbox 1348 1910 1387 1973; x_wconf 88' lang='lat' dir='ltr'>de</span> <span class='ocrx_word' id='word_1_102' title='bbox 1408 1910 1471 1973; x_wconf 84' lang='lat' dir='ltr'>Ra·</span> 
     </span>
     <span class='ocr_line' id='line_1_14' title="bbox 295 2016 1469 2101; baseline 0.001 -23"><span class='ocrx_word' id='word_1_103' title='bbox 295 2033 402 2078; x_wconf 86' lang='lat' dir='ltr'>venna</span> <span class='ocrx_word' id='word_1_104' title='bbox 432 2017 592 2101; x_wconf 86' lang='lat' dir='ltr'>descripsi,</span> <span class='ocrx_word' id='word_1_105' title='bbox 623 2036 686 2079; x_wconf 92' lang='lat' dir='ltr'>non</span> <span class='ocrx_word' id='word_1_106' title='bbox 718 2036 787 2080; x_wconf 89' lang='lat' dir='ltr'>esse</span> <span class='ocrx_word' id='word_1_107' title='bbox 817 2016 1016 2097; x_wconf 90' lang='lat' dir='ltr'>aVitruvio,</span> <span class='ocrx_word' id='word_1_108' title='bbox 1045 2022 1109 2098; x_wconf 81' lang='lat' dir='ltr'>aut,</span> <span class='ocrx_word' id='word_1_109' title='bbox 1139 2019 1166 2079; x_wconf 91' lang='lat' dir='ltr'>si</span> <span class='ocrx_word' id='word_1_110' title='bbox 1196 2018 1276 2081; x_wconf 89' lang='lat' dir='ltr'>forte</span> <span class='ocrx_word' id='word_1_111' title='bbox 1303 2019 1376 2099; x_wconf 91' lang='lat' dir='ltr'>sint,</span> <span class='ocrx_word' id='word_1_112' title='bbox 1406 2037 1469 2080; x_wconf 93' lang='lat' dir='ltr'>non</span> 
     </span>
     <span class='ocr_line' id='line_1_15' title="bbox 288 2122 1472 2207; baseline -0.001 -22"><span class='ocrx_word' id='word_1_113' title='bbox 288 2122 384 2185; x_wconf 84' lang='grc'><strong>1111110</strong></span> <span class='ocrx_word' id='word_1_114' title='bbox 407 2122 504 2186; x_wconf 91' lang='lat' dir='ltr'>libros</span> <span class='ocrx_word' id='word_1_115' title='bbox 519 2142 594 2187; x_wconf 91' lang='lat' dir='ltr'>suos</span> <span class='ocrx_word' id='word_1_116' title='bbox 615 2126 769 2206; x_wconf 87' lang='lat' dir='ltr'>Augusto,</span> <span class='ocrx_word' id='word_1_117' title='bbox 792 2125 848 2187; x_wconf 87' lang='lat' dir='ltr'>sed</span> <span class='ocrx_word' id='word_1_118' title='bbox 872 2131 1002 2186; x_wconf 89' lang='lat' dir='ltr'>contra</span> <span class='ocrx_word' id='word_1_119' title='bbox 1025 2142 1067 2187; x_wconf 88' lang='lat' dir='ltr'>ac</span> <span class='ocrx_word' id='word_1_120' title='bbox 1085 2124 1274 2207; x_wconf 88' lang='lat' dir='ltr'>plerique,</span> <span class='ocrx_word' id='word_1_121' title='bbox 1298 2143 1366 2187; x_wconf 91' lang='lat' dir='ltr'>nec</span> <span class='ocrx_word' id='word_1_122' title='bbox 1388 2126 1472 2185; x_wconf 91' lang='lat' dir='ltr'>sine</span> 
     </span>
     <span class='ocr_line' id='line_1_16' title="bbox 297 2230 1468 2313; baseline -0.002 -22"><span class='ocrx_word' id='word_1_123' title='bbox 297 2230 507 2313; x_wconf 90' lang='lat' dir='ltr'>multiplici</span> <span class='ocrx_word' id='word_1_124' title='bbox 544 2232 692 2294; x_wconf 90' lang='lat' dir='ltr'>ratione</span> <span class='ocrx_word' id='word_1_125' title='bbox 730 2231 901 2310; x_wconf 90' lang='lat' dir='ltr'>creditis,</span> <span class='ocrx_word' id='word_1_126' title='bbox 939 2231 1034 2293; x_wconf 92' lang='lat' dir='ltr'>alicui</span> <span class='ocrx_word' id='word_1_127' title='bbox 1071 2231 1223 2294; x_wconf 91' lang='lat' dir='ltr'>obtulisse</span> <span class='ocrx_word' id='word_1_128' title='bbox 1259 2231 1468 2312; x_wconf 89' lang='lat' dir='ltr'>posteriorum</span> 
     </span>
     <span class='ocr_line' id='line_1_17' title="bbox 296 2332 1488 2421; baseline -0.001 -22"><span class='ocrx_word' id='word_1_129' title='bbox 296 2335 529 2419; x_wconf 87' lang='lat' dir='ltr'>Imperatorum</span> <span class='ocrx_word' id='word_1_130' title='bbox 554 2387 559 2400; x_wconf 94' lang='lat'>.</span> <span class='ocrx_word' id='word_1_131' title='bbox 585 2386 591 2401; x_wconf 90' lang='lat'>.</span> <span class='ocrx_word' id='word_1_132' title='bbox 616 2387 622 2401; x_wconf 94' lang='lat'>.</span> <span class='ocrx_word' id='word_1_133' title='bbox 647 2389 653 2401; x_wconf 95' lang='lat'>.</span> <span class='ocrx_word' id='word_1_134' title='bbox 678 2339 860 2421; x_wconf 82' lang='lat' dir='ltr'>exemplum</span> <span class='ocrx_word' id='word_1_135' title='bbox 883 2338 982 2421; x_wconf 87' lang='lat' dir='ltr'>igitur</span> <span class='ocrx_word' id='word_1_136' title='bbox 1003 2338 1042 2401; x_wconf 93' lang='lat' dir='ltr'>ad</span> <span class='ocrx_word' id='word_1_137' title='bbox 1061 2335 1307 2402; x_wconf 89' lang='lat' dir='ltr'>confirmandam</span> <span class='ocrx_word' id='word_1_138' title='bbox 1328 2332 1488 2398; x_wconf 89' lang='lat' dir='ltr'>Vitruvii.</span> 
     </span>
     <span class='ocr_line' id='line_1_18' title="bbox 297 2443 1469 2528; baseline -0.006 -19"><span class='ocrx_word' id='word_1_139' title='bbox 297 2445 487 2509; x_wconf 89' lang='lat' dir='ltr'>sententiam</span> <span class='ocrx_word' id='word_1_140' title='bbox 507 2444 547 2507; x_wconf 90' lang='lat' dir='ltr'>ab</span> <span class='ocrx_word' id='word_1_141' title='bbox 563 2443 716 2509; x_wconf 88' lang='lat' dir='ltr'>Ravenna</span> <span class='ocrx_word' id='word_1_142' title='bbox 735 2448 874 2509; x_wconf 80' lang='lat' dir='ltr'>maxime</span> <span class='ocrx_word' id='word_1_143' title='bbox 892 2446 1020 2528; x_wconf 89' lang='lat' dir='ltr'>petitam</span> <span class='ocrx_word' id='word_1_144' title='bbox 1039 2464 1103 2508; x_wconf 91' lang='lat' dir='ltr'>non</span> <span class='ocrx_word' id='word_1_145' title='bbox 1123 2446 1306 2527; x_wconf 88' lang='lat' dir='ltr'>scriptorem</span> <span class='ocrx_word' id='word_1_146' title='bbox 1322 2444 1469 2523; x_wconf 84' lang='lat' dir='ltr'>Augusto</span> 
     </span>
     <span class='ocr_line' id='line_1_19' title="bbox 297 2551 1470 2637; baseline -0.004 -23"><span class='ocrx_word' id='word_1_147' title='bbox 297 2570 459 2634; x_wconf 89' lang='lat' dir='ltr'>coaevum,</span> <span class='ocrx_word' id='word_1_148' title='bbox 488 2552 544 2616; x_wconf 91' lang='lat' dir='ltr'>sed</span> <span class='ocrx_word' id='word_1_149' title='bbox 567 2552 706 2635; x_wconf 83' lang='lat' dir='ltr'>aliquem</span> <span class='ocrx_word' id='word_1_150' title='bbox 729 2554 835 2637; x_wconf 91' lang='lat' dir='ltr'>potius</span> <span class='ocrx_word' id='word_1_151' title='bbox 859 2553 985 2616; x_wconf 90' lang='lat' dir='ltr'>videtur</span> <span class='ocrx_word' id='word_1_152' title='bbox 1006 2553 1155 2633; x_wconf 90' lang='lat' dir='ltr'>indicare,</span> <span class='ocrx_word' id='word_1_153' title='bbox 1185 2551 1240 2634; x_wconf 90' lang='lat' dir='ltr'>qui</span> <span class='ocrx_word' id='word_1_154' title='bbox 1263 2555 1470 2633; x_wconf 91' lang='lat' dir='ltr'>posteaquam</span> 
     </span>
     <span class='ocr_line' id='line_1_20' title="bbox 300 2656 1470 2743; baseline -0.003 -22"><span class='ocrx_word' id='word_1_155' title='bbox 300 2657 451 2723; x_wconf 86' lang='lat' dir='ltr'>Claudius</span> <span class='ocrx_word' id='word_1_156' title='bbox 475 2660 611 2743; x_wconf 87' lang='lat' dir='ltr'>amplam</span> <span class='ocrx_word' id='word_1_157' title='bbox 628 2661 714 2723; x_wconf 90' lang='lat' dir='ltr'>illam</span> <span class='ocrx_word' id='word_1_158' title='bbox 736 2711 743 2725; x_wconf 89' lang='lat'>.</span> <span class='ocrx_word' id='word_1_159' title='bbox 763 2710 769 2723; x_wconf 91' lang='lat'>.</span> <span class='ocrx_word' id='word_1_160' title='bbox 790 2708 822 2723; x_wconf 91' lang='lat'>..</span> <span class='ocrx_word' id='word_1_161' title='bbox 847 2666 969 2743; x_wconf 89' lang='lat' dir='ltr'>portam</span> <span class='ocrx_word' id='word_1_162' title='bbox 993 2709 999 2721; x_wconf 92' lang='lat'>.</span> <span class='ocrx_word' id='word_1_163' title='bbox 1019 2709 1025 2721; x_wconf 91' lang='lat'>.</span> <span class='ocrx_word' id='word_1_164' title='bbox 1046 2708 1079 2722; x_wconf 93' lang='lat'>..</span> <span class='ocrx_word' id='word_1_165' title='bbox 1104 2677 1277 2741; x_wconf 89' lang='lat' dir='ltr'>murosque</span> <span class='ocrx_word' id='word_1_166' title='bbox 1299 2656 1470 2719; x_wconf 87' lang='lat' dir='ltr'>Ravennae</span> 
     </span>
     <span class='ocr_line' id='line_1_21' title="bbox 298 2764 1471 2849; baseline -0.004 -20"><span class='ocrx_word' id='word_1_167' title='bbox 298 2766 433 2849; x_wconf 88' lang='lat' dir='ltr'>dederat,</span> <span class='ocrx_word' id='word_1_168' title='bbox 465 2772 542 2831; x_wconf 90' lang='lat' dir='ltr'>tunc</span> <span class='ocrx_word' id='word_1_169' title='bbox 573 2768 700 2831; x_wconf 90' lang='lat' dir='ltr'>demum</span> <span class='ocrx_word' id='word_1_170' title='bbox 732 2768 822 2848; x_wconf 88' lang='lat' dir='ltr'>vixit,</span> <span class='ocrx_word' id='word_1_171' title='bbox 852 2768 919 2829; x_wconf 91' lang='lat' dir='ltr'>sive</span> <span class='ocrx_word' id='word_1_172' title='bbox 948 2767 976 2829; x_wconf 91' lang='lat' dir='ltr'>is</span> <span class='ocrx_word' id='word_1_173' title='bbox 1000 2764 1176 2846; x_wconf 85' lang='lat' dir='ltr'>Vitruvius,</span> <span class='ocrx_word' id='word_1_174' title='bbox 1208 2765 1293 2848; x_wconf 93' lang='lat' dir='ltr'>quod</span> <span class='ocrx_word' id='word_1_175' title='bbox 1323 2764 1375 2827; x_wconf 89' lang='lat' dir='ltr'>alii</span> <span class='ocrx_word' id='word_1_176' title='bbox 1402 2764 1471 2825; x_wconf 91' lang='lat' dir='ltr'>eius</span> 
     </span>
     <span class='ocr_line' id='line_1_22' title="bbox 296 2869 1470 2954; baseline -0.003 -19"><span class='ocrx_word' id='word_1_177' title='bbox 296 2872 452 2936; x_wconf 91' lang='lat' dir='ltr'>librorum</span> <span class='ocrx_word' id='word_1_178' title='bbox 475 2875 536 2937; x_wconf 91' lang='lat' dir='ltr'>loci</span> <span class='ocrx_word' id='word_1_179' title='bbox 560 2876 665 2938; x_wconf 91' lang='lat' dir='ltr'>minus</span> <span class='ocrx_word' id='word_1_180' title='bbox 689 2874 839 2938; x_wconf 89' lang='lat' dir='ltr'>credibile</span> <span class='ocrx_word' id='word_1_181' title='bbox 862 2874 939 2936; x_wconf 89' lang='lat' dir='ltr'>mihi</span> <span class='ocrx_word' id='word_1_182' title='bbox 962 2872 1093 2954; x_wconf 88' lang='lat' dir='ltr'>iaciunt,</span> <span class='ocrx_word' id='word_1_183' title='bbox 1123 2874 1190 2935; x_wconf 91' lang='lat' dir='ltr'>sive</span> <span class='ocrx_word' id='word_1_184' title='bbox 1213 2873 1295 2933; x_wconf 92' lang='lat' dir='ltr'>alius</span> <span class='ocrx_word' id='word_1_185' title='bbox 1317 2871 1386 2951; x_wconf 86' lang='lat' dir='ltr'>fuit,</span> <span class='ocrx_word' id='word_1_186' title='bbox 1415 2869 1470 2952; x_wconf 91' lang='lat' dir='ltr'>qui</span> 
     </span>
     <span class='ocr_line' id='line_1_23' title="bbox 297 2976 1472 3065; baseline -0.003 -23"><span class='ocrx_word' id='word_1_187' title='bbox 297 2978 468 3044; x_wconf 89' lang='lat' dir='ltr'>Ravennae</span> <span class='ocrx_word' id='word_1_188' title='bbox 498 2982 681 3065; x_wconf 82' lang='lat' dir='ltr'>exemplum</span> <span class='ocrx_word' id='word_1_189' title='bbox 709 2982 743 3044; x_wconf 94' lang='lat' dir='ltr'>in</span> <span class='ocrx_word' id='word_1_190' title='bbox 775 3000 830 3045; x_wconf 86' lang='lat' dir='ltr'>ora</span> <span class='ocrx_word' id='word_1_191' title='bbox 859 2981 981 3044; x_wconf 89' lang='lat' dir='ltr'>addidit</span> <span class='ocrx_word' id='word_1_192' title='bbox 1010 2980 1129 3044; x_wconf 91' lang='lat' dir='ltr'>codicis</span> <span class='ocrx_word' id='word_1_193' title='bbox 1158 2977 1230 3056; x_wconf 87' lang='lat' dir='ltr'>sui,</span> <span class='ocrx_word' id='word_1_194' title='bbox 1250 2976 1334 3038; x_wconf 90' lang='lat' dir='ltr'>unde</span> <span class='ocrx_word' id='word_1_195' title='bbox 1364 2984 1472 3059; x_wconf 89' lang='lat' dir='ltr'>postea</span> 
     </span>
     <span class='ocr_line' id='line_1_24' title="bbox 296 3084 1472 3167; baseline -0.003 -18"><span class='ocrx_word' id='word_1_196' title='bbox 296 3087 381 3150; x_wconf 89' lang='lat' dir='ltr'>inter</span> <span class='ocrx_word' id='word_1_197' title='bbox 405 3086 544 3151; x_wconf 91' lang='lat' dir='ltr'>Vitruvii</span> <span class='ocrx_word' id='word_1_198' title='bbox 571 3089 669 3151; x_wconf 88' lang='lat' dir='ltr'>verba</span> <span class='ocrx_word' id='word_1_199' title='bbox 696 3090 880 3151; x_wconf 90' lang='lat' dir='ltr'>translatum</span> <span class='ocrx_word' id='word_1_200' title='bbox 909 3107 943 3152; x_wconf 92' lang='lat' dir='ltr'>es</span> <span class='ocrx_word' id='word_1_201' title='bbox 957 3090 982 3150; x_wconf 83' lang='lat'>.“</span> <span class='ocrx_word' id='word_1_202' title='bbox 1026 3087 1107 3149; x_wconf 90' lang='lat' dir='ltr'>Tum</span> <span class='ocrx_word' id='word_1_203' title='bbox 1136 3084 1233 3167; x_wconf 89' lang='lat' dir='ltr'>igitur</span> <span class='ocrx_word' id='word_1_204' title='bbox 1259 3084 1399 3165; x_wconf 89' lang='lat' dir='ltr'>primum</span> <span class='ocrx_word' id='word_1_205' title='bbox 1422 3084 1472 3145; x_wconf 87' lang='lat' dir='ltr'>vir</span> 
     </span>
     <span class='ocr_line' id='line_1_25' title="bbox 297 3191 1472 3277; baseline -0.006 -20"><span class='ocrx_word' id='word_1_206' title='bbox 297 3194 444 3277; x_wconf 88' lang='lat' dir='ltr'>egregius</span> <span class='ocrx_word' id='word_1_207' title='bbox 467 3200 499 3257; x_wconf 91' lang='lat' dir='ltr'>et</span> <span class='ocrx_word' id='word_1_208' title='bbox 521 3194 731 3275; x_wconf 91' lang='lat' dir='ltr'>doctissimus,</span> <span class='ocrx_word' id='word_1_209' title='bbox 759 3197 851 3259; x_wconf 90' lang='lat' dir='ltr'>cuius</span> <span class='ocrx_word' id='word_1_210' title='bbox 879 3196 1048 3259; x_wconf 89' lang='lat' dir='ltr'>auctoritas</span> <span class='ocrx_word' id='word_1_211' title='bbox 1075 3192 1158 3277; x_wconf 90' lang='lat' dir='ltr'>apud</span> <span class='ocrx_word' id='word_1_212' title='bbox 1182 3191 1331 3273; x_wconf 85' lang='lat' dir='ltr'>aequales</span> <span class='ocrx_word' id='word_1_213' title='bbox 1354 3208 1472 3272; x_wconf 87' lang='lat' dir='ltr'>magna</span> 
     </span>
     <span class='ocr_line' id='line_1_26' title="bbox 299 3300 1472 3385; baseline -0.006 -20"><span class='ocrx_word' id='word_1_214' title='bbox 299 3305 373 3382; x_wconf 88' lang='lat' dir='ltr'>erat,</span> <span class='ocrx_word' id='word_1_215' title='bbox 393 3308 614 3384; x_wconf 86' lang='lat' dir='ltr'>argumentum</span> <span class='ocrx_word' id='word_1_216' title='bbox 633 3302 856 3385; x_wconf 90' lang='lat' dir='ltr'>gravissimum</span> <span class='ocrx_word' id='word_1_217' title='bbox 874 3302 934 3365; x_wconf 89' lang='lat' dir='ltr'>sibi</span> <span class='ocrx_word' id='word_1_218' title='bbox 945 3301 1105 3364; x_wconf 90' lang='lat' dir='ltr'>invenisse</span> <span class='ocrx_word' id='word_1_219' title='bbox 1115 3300 1203 3362; x_wconf 91' lang='lat' dir='ltr'>visus</span> <span class='ocrx_word' id='word_1_220' title='bbox 1218 3304 1272 3377; x_wconf 87' lang='lat' dir='ltr'>est,</span> <span class='ocrx_word' id='word_1_221' title='bbox 1293 3315 1356 3379; x_wconf 92' lang='lat' dir='ltr'>quo</span> <span class='ocrx_word' id='word_1_222' title='bbox 1372 3314 1472 3379; x_wconf 88' lang='lat' dir='ltr'>paene</span> 
     </span>
     <span class='ocr_line' id='line_1_27' title="bbox 297 3403 1472 3492; baseline -0.004 -23"><span class='ocrx_word' id='word_1_223' title='bbox 297 3407 421 3471; x_wconf 86' lang='lat' dir='ltr'>invitus</span> <span class='ocrx_word' id='word_1_224' title='bbox 453 3406 637 3471; x_wconf 90' lang='lat' dir='ltr'>Vitruvium</span> <span class='ocrx_word' id='word_1_225' title='bbox 674 3410 838 3492; x_wconf 90' lang='lat' dir='ltr'>posteriori</span> <span class='ocrx_word' id='word_1_226' title='bbox 876 3428 973 3492; x_wconf 89' lang='lat' dir='ltr'>quarn</span> <span class='ocrx_word' id='word_1_227' title='bbox 1005 3407 1145 3491; x_wconf 87' lang='lat' dir='ltr'>Augusti</span> <span class='ocrx_word' id='word_1_228' title='bbox 1180 3406 1273 3469; x_wconf 85' lang='lat' dir='ltr'>aetati</span> <span class='ocrx_word' id='word_1_229' title='bbox 1304 3403 1472 3485; x_wconf 86' lang='lat' dir='ltr'>adsignare</span> 
     </span>
     <span class='ocr_line' id='line_1_28' title="bbox 297 3514 1383 3599; baseline -0.006 -22"><span class='ocrx_word' id='word_1_230' title='bbox 297 3518 470 3598; x_wconf 87' lang='lat' dir='ltr'>cogeretur,</span> <span class='ocrx_word' id='word_1_231' title='bbox 494 3516 555 3578; x_wconf 90' lang='lat' dir='ltr'>nisi</span> <span class='ocrx_word' id='word_1_232' title='bbox 578 3516 713 3598; x_wconf 89' lang='lat' dir='ltr'>glossam</span> <span class='ocrx_word' id='word_1_233' title='bbox 738 3517 772 3578; x_wconf 92' lang='lat' dir='ltr'>in</span> <span class='ocrx_word' id='word_1_234' title='bbox 797 3522 920 3580; x_wconf 80' lang='lat' dir='ltr'>textum</span> <span class='ocrx_word' id='word_1_235' title='bbox 946 3516 1015 3579; x_wconf 91' lang='lat' dir='ltr'>eius</span> <span class='ocrx_word' id='word_1_236' title='bbox 1037 3514 1202 3599; x_wconf 90' lang='lat' dir='ltr'>irrepsisse</span> <span class='ocrx_word' id='word_1_237' title='bbox 1225 3517 1383 3575; x_wconf 88' lang='lat' dir='ltr'>statueret.</span> 
     </span>
    </p>
   </div>
   <div class='ocr_carea' id='block_1_3' title="bbox 297 3684 1471 3902">
    <p class='ocr_par' dir='ltr' id='par_1_3' title="bbox 297 3684 1471 3902">
     <span class='ocr_line' id='line_1_29' title="bbox 389 3684 1471 3759; baseline -0.006 -16"><span class='ocrx_word' id='word_1_238' title='bbox 389 3689 434 3758; x_wconf 84' lang='lat'>12)</span> <span class='ocrx_word' id='word_1_239' title='bbox 453 3690 606 3751; x_wconf 80' lang='lat' dir='ltr'>Schneider,</span> <span class='ocrx_word' id='word_1_240' title='bbox 633 3690 651 3743; x_wconf 91' lang='lat'>1.</span> <span class='ocrx_word' id='word_1_241' title='bbox 670 3690 687 3743; x_wconf 92' lang='grc'>1.</span> <span class='ocrx_word' id='word_1_242' title='bbox 708 3708 732 3759; x_wconf 93' lang='lat' dir='ltr'>p.</span> <span class='ocrx_word' id='word_1_243' title='bbox 751 3690 801 3745; x_wconf 87' lang='lat' dir='ltr'>XI.</span> <span class='ocrx_word' id='word_1_244' title='bbox 838 3690 869 3746; x_wconf 93' lang='lat' dir='ltr'>B.</span> <span class='ocrx_word' id='word_1_245' title='bbox 885 3690 994 3757; x_wconf 84' lang='lat' dir='ltr'>Galiani,</span> <span class='ocrx_word' id='word_1_246' title='bbox 1017 3689 1229 3744; x_wconf 83' lang='lat' dir='ltr'>l&#39;architettura.</span> <span class='ocrx_word' id='word_1_247' title='bbox 1246 3726 1274 3738; x_wconf 93' lang='lat'>..</span> <span class='ocrx_word' id='word_1_248' title='bbox 1294 3684 1361 3739; x_wconf 91' lang='lat' dir='ltr'>colla</span> <span class='ocrx_word' id='word_1_249' title='bbox 1378 3685 1471 3737; x_wconf 89' lang='lat' dir='ltr'>tradu-</span> 
     </span>
     <span class='ocr_line' id='line_1_30' title="bbox 297 3755 1470 3831; baseline -0.002 -18"><span class='ocrx_word' id='word_1_250' title='bbox 297 3761 372 3815; x_wconf 85' lang='lat' dir='ltr'>aione</span> <span class='ocrx_word' id='word_1_251' title='bbox 397 3761 503 3817; x_wconf 87' lang='lat' dir='ltr'>italiana</span> <span class='ocrx_word' id='word_1_252' title='bbox 528 3778 542 3814; x_wconf 88' lang='lat' dir='ltr'>e</span> <span class='ocrx_word' id='word_1_253' title='bbox 568 3763 723 3815; x_wconf 89' lang='lat' dir='ltr'>commento.</span> <span class='ocrx_word' id='word_1_254' title='bbox 760 3760 854 3831; x_wconf 90' lang='lat' dir='ltr'>Napoli</span> <span class='ocrx_word' id='word_1_255' title='bbox 880 3762 957 3816; x_wconf 80' lang='lat'>1758.</span> <span class='ocrx_word' id='word_1_256' title='bbox 990 3761 1045 3815; x_wconf 88' lang='lat' dir='ltr'>vita</span> <span class='ocrx_word' id='word_1_257' title='bbox 1066 3760 1093 3813; x_wconf 91' lang='lat' dir='ltr'>di</span> <span class='ocrx_word' id='word_1_258' title='bbox 1116 3760 1151 3813; x_wconf 88' lang='lat' dir='ltr'>ll.</span> <span class='ocrx_word' id='word_1_259' title='bbox 1170 3758 1292 3811; x_wconf 89' lang='lat' dir='ltr'>Vitruvio</span> <span class='ocrx_word' id='word_1_260' title='bbox 1310 3755 1427 3810; x_wconf 87' lang='lat' dir='ltr'>Pollione</span> <span class='ocrx_word' id='word_1_261' title='bbox 1445 3772 1470 3823; x_wconf 93' lang='lat' dir='ltr'>p.</span> 
     </span>
     <span class='ocr_line' id='line_1_31' title="bbox 297 3832 651 3902; baseline 0 -15"><span class='ocrx_word' id='word_1_262' title='bbox 297 3832 395 3887; x_wconf 88' lang='lat' dir='ltr'>XVIII</span> <span class='ocrx_word' id='word_1_263' title='bbox 413 3838 441 3887; x_wconf 90' lang='lat' dir='ltr'>et</span> <span class='ocrx_word' id='word_1_264' title='bbox 459 3851 483 3902; x_wconf 93' lang='lat' dir='ltr'>p.</span> <span class='ocrx_word' id='word_1_265' title='bbox 505 3834 528 3888; x_wconf 93' lang='lat' dir='ltr'>l.</span> <span class='ocrx_word' id='word_1_266' title='bbox 547 3834 606 3887; x_wconf 88' lang='lat' dir='ltr'>adn.</span> <span class='ocrx_word' id='word_1_267' title='bbox 627 3834 651 3887; x_wconf 94' lang='lat'>1.</span> 
     </span>
    </p>
   </div>
   <div class='ocr_carea' id='block_1_4' title="bbox 298 3917 1473 4062">
    <p class='ocr_par' dir='ltr' id='par_1_4' title="bbox 298 3917 1473 4062">
     <span class='ocr_line' id='line_1_32' title="bbox 391 3917 1471 3991; baseline -0.006 -17"><span class='ocrx_word' id='word_1_268' title='bbox 391 3922 435 3985; x_wconf 89' lang='grc'>13)</span> <span class='ocrx_word' id='word_1_269' title='bbox 455 3922 551 3991; x_wconf 85' lang='lat' dir='ltr'>Opusc.</span> <span class='ocrx_word' id='word_1_270' title='bbox 577 3922 652 3977; x_wconf 87' lang='lat' dir='ltr'>misc.</span> <span class='ocrx_word' id='word_1_271' title='bbox 679 3922 784 3990; x_wconf 79' lang='grc'><strong>(110101.</strong></span> <span class='ocrx_word' id='word_1_272' title='bbox 805 3921 884 3989; x_wconf 85' lang='grc'><strong>1763)</strong></span> <span class='ocrx_word' id='word_1_273' title='bbox 910 3920 939 3975; x_wconf 92' lang='grc' dir='ltr'>ΙΙ</span> <span class='ocrx_word' id='word_1_274' title='bbox 963 3939 988 3989; x_wconf 91' lang='lat' dir='ltr'>p.</span> <span class='ocrx_word' id='word_1_275' title='bbox 1008 3920 1042 3976; x_wconf 88' lang='grc'>32</span> <span class='ocrx_word' id='word_1_276' title='bbox 1061 3922 1088 3975; x_wconf 93' lang='lat' dir='ltr'>in</span> <span class='ocrx_word' id='word_1_277' title='bbox 1107 3918 1217 3989; x_wconf 84' lang='lat' dir='ltr'>epistola</span> <span class='ocrx_word' id='word_1_278' title='bbox 1241 3919 1274 3972; x_wconf 89' lang='lat' dir='ltr'>ad</span> <span class='ocrx_word' id='word_1_279' title='bbox 1292 3917 1471 3971; x_wconf 81' lang='lat' dir='ltr'>Marchionem</span> 
     </span>
     <span class='ocr_line' id='line_1_33' title="bbox 298 3986 1473 4062; baseline -0.003 -17"><span class='ocrx_word' id='word_1_280' title='bbox 298 3991 440 4046; x_wconf 89' lang='lat' dir='ltr'>Polenum:</span> <span class='ocrx_word' id='word_1_281' title='bbox 460 3992 510 4061; x_wconf 88' lang='lat' dir='ltr'>„ln</span> <span class='ocrx_word' id='word_1_282' title='bbox 520 3994 635 4047; x_wconf 83' lang='lat' dir='ltr'>Vitruvii</span> <span class='ocrx_word' id='word_1_283' title='bbox 649 3993 735 4047; x_wconf 88' lang='lat' dir='ltr'>locum</span> <span class='ocrx_word' id='word_1_284' title='bbox 750 3994 783 4047; x_wconf 88' lang='lat' dir='ltr'>ad</span> <span class='ocrx_word' id='word_1_285' title='bbox 797 3994 909 4061; x_wconf 85' lang='lat' dir='ltr'>tompus,</span> <span class='ocrx_word' id='word_1_286' title='bbox 924 4009 975 4061; x_wconf 91' lang='lat' dir='ltr'>quo</span> <span class='ocrx_word' id='word_1_287' title='bbox 988 3993 1101 4062; x_wconf 88' lang='lat' dir='ltr'>scripsit,</span> <span class='ocrx_word' id='word_1_288' title='bbox 1115 3993 1269 4045; x_wconf 89' lang='lat' dir='ltr'>attinentem</span> <span class='ocrx_word' id='word_1_289' title='bbox 1282 4030 1288 4043; x_wconf 94' lang='lat'>.</span> <span class='ocrx_word' id='word_1_290' title='bbox 1299 4029 1305 4041; x_wconf 91' lang='lat'>.</span> <span class='ocrx_word' id='word_1_291' title='bbox 1317 4029 1323 4042; x_wconf 95' lang='lat'>.</span> <span class='ocrx_word' id='word_1_292' title='bbox 1336 3986 1473 4057; x_wconf 65' lang='grc' dir='ltr'>00111011·ι</span> 
     </span>
    </p>
   </div>
   <div class='ocr_carea' id='block_1_5' title="bbox 297 4072 1472 4291">
    <p class='ocr_par' dir='ltr' id='par_1_5' title="bbox 297 4072 1472 4291">
     <span class='ocr_line' id='line_1_34' title="bbox 388 4072 1472 4167; baseline -0.004 -34"><span class='ocrx_word' id='word_1_293' title='bbox 388 4082 440 4166; x_wconf 59' lang='grc' dir='ltr'>14)ἱ</span> <span class='ocrx_word' id='word_1_294' title='bbox 451 4082 542 4167; x_wconf 61' lang='grc'><strong>8111110</strong></span> <span class='ocrx_word' id='word_1_295' title='bbox 562 4083 586 4135; x_wconf 91' lang='lat' dir='ltr'>V</span> <span class='ocrx_word' id='word_1_296' title='bbox 605 4099 630 4151; x_wconf 86' lang='lat' dir='ltr'>p.</span> <span class='ocrx_word' id='word_1_297' title='bbox 649 4082 737 4167; x_wconf 47' lang='grc'><strong>,213111</strong></span> <span class='ocrx_word' id='word_1_298' title='bbox 766 4084 796 4136; x_wconf 78' lang='grc' dir='ltr'>ἐν</span> <span class='ocrx_word' id='word_1_299' title='bbox 821 4082 858 4165; x_wconf 35' lang='grc' dir='ltr'>δὲ,</span> <span class='ocrx_word' id='word_1_300' title='bbox 874 4087 931 4142; x_wconf 79' lang='grc' dir='ltr'><strong><em>τοῖς</em></strong></span> <span class='ocrx_word' id='word_1_301' title='bbox 955 4082 1030 4135; x_wconf 77' lang='grc' dir='ltr'><strong><em>ἕλεσι</em></strong></span> <span class='ocrx_word' id='word_1_302' title='bbox 1053 4086 1172 4154; x_wconf 65' lang='grc' dir='ltr'>μεγίστη</span> <span class='ocrx_word' id='word_1_303' title='bbox 1195 4081 1321 4166; x_wconf 68' lang='lat' dir='ltr'>patalam</span> <span class='ocrx_word' id='word_1_304' title='bbox 1337 4072 1472 4145; x_wconf 71' lang='grc' dir='ltr'>Ῥάβεννα</span> 
     </span>
     <span class='ocr_line' id='line_1_35' title="bbox 297 4152 1471 4275; baseline -0.004 -70"><span class='ocrx_word' id='word_1_305' title='bbox 297 4154 459 4275; x_wconf 48' lang='grc' dir='ltr'>ξυλοπὶιγχης</span> <span class='ocrx_word' id='word_1_306' title='bbox 477 4158 526 4221; x_wconf 72' lang='lat' dir='ltr'>cip</span> <span class='ocrx_word' id='word_1_307' title='bbox 547 4158 593 4208; x_wconf 81' lang='grc' dir='ltr'>καὶ</span> <span class='ocrx_word' id='word_1_308' title='bbox 606 4153 767 4255; x_wconf 36' lang='lat' dir='ltr'>‘decipularum</span> <span class='ocrx_word' id='word_1_309' title='bbox 787 4172 922 4235; x_wconf 75' lang='grc' dir='ltr'>γεφυραις</span> <span class='ocrx_word' id='word_1_310' title='bbox 940 4158 987 4235; x_wconf 68' lang='lat' dir='ltr'>aral</span> <span class='ocrx_word' id='word_1_311' title='bbox 1005 4159 1171 4235; x_wconf 73' lang='grc' dir='ltr'><strong><em>πορθμείοις</em></strong></span> <span class='ocrx_word' id='word_1_312' title='bbox 1190 4152 1339 4222; x_wconf 74' lang='grc' dir='ltr'>οδευομένη</span> <span class='ocrx_word' id='word_1_313' title='bbox 1360 4189 1366 4203; x_wconf 94' lang='grc'><strong>.</strong></span> <span class='ocrx_word' id='word_1_314' title='bbox 1386 4190 1392 4203; x_wconf 91' lang='grc'><strong>.</strong></span> <span class='ocrx_word' id='word_1_315' title='bbox 1438 4219 1443 4229; x_wconf 93' lang='lat'>.</span> <span class='ocrx_word' id='word_1_316' title='bbox 1465 4218 1471 4231; x_wconf 34' lang='lat'><em>⁶</em></span> 
     </span>
     <span class='ocr_line' id='line_1_36' title="bbox 413 4218 1472 4291; baseline -0.004 -16"><span class='ocrx_word' id='word_1_317' title='bbox 413 4226 455 4281; x_wconf 82' lang='lat' dir='ltr'>rtr.</span> <span class='ocrx_word' id='word_1_318' title='bbox 474 4224 502 4279; x_wconf 92' lang='grc' dir='ltr'>Π</span> <span class='ocrx_word' id='word_1_319' title='bbox 521 4225 545 4291; x_wconf 90' lang='grc'>9,</span> <span class='ocrx_word' id='word_1_320' title='bbox 566 4227 612 4279; x_wconf 92' lang='grc'>11.</span> <span class='ocrx_word' id='word_1_321' title='bbox 637 4228 785 4279; x_wconf 84' lang='lat' dir='ltr'>astantem</span> <span class='ocrx_word' id='word_1_322' title='bbox 803 4241 918 4278; x_wconf 78' lang='lat' dir='ltr'>maxime</span> <span class='ocrx_word' id='word_1_323' title='bbox 939 4226 966 4278; x_wconf 83' lang='lat' dir='ltr'>id</span> <span class='ocrx_word' id='word_1_324' title='bbox 991 4224 1155 4279; x_wconf 83' lang='lat' dir='ltr'>consrderare</span> <span class='ocrx_word' id='word_1_325' title='bbox 1173 4224 1325 4286; x_wconf 86' lang='lat' dir='ltr'>Ravennae,</span> <span class='ocrx_word' id='word_1_326' title='bbox 1349 4220 1419 4287; x_wconf 91' lang='lat' dir='ltr'>quod</span> <span class='ocrx_word' id='word_1_327' title='bbox 1437 4218 1472 4271; x_wconf 88' lang='lat' dir='ltr'>rbr</span> 
     </span>
    </p>
   </div>
   <div class='ocr_carea' id='block_1_6' title="bbox 297 4291 1472 4421">
    <p class='ocr_par' dir='ltr' id='par_1_6' title="bbox 297 4291 1472 4421">
     <span class='ocr_line' id='line_1_37' title="bbox 297 4291 1472 4421; baseline -0.003 -74"><span class='ocrx_word' id='word_1_328' title='bbox 297 4294 385 4349; x_wconf 90' lang='lat' dir='ltr'>omnia</span> <span class='ocrx_word' id='word_1_329' title='bbox 399 4310 479 4363; x_wconf 88' lang='lat' dir='ltr'>opera</span> <span class='ocrx_word' id='word_1_330' title='bbox 492 4299 519 4349; x_wconf 91' lang='lat' dir='ltr'>et</span> <span class='ocrx_word' id='word_1_331' title='bbox 533 4296 637 4366; x_wconf 87' lang='lat' dir='ltr'>publica</span> <span class='ocrx_word' id='word_1_332' title='bbox 650 4300 677 4351; x_wconf 89' lang='lat' dir='ltr'>et</span> <span class='ocrx_word' id='word_1_333' title='bbox 689 4297 792 4421; x_wconf 85' lang='lat' dir='ltr'>privata</span> <span class='ocrx_word' id='word_1_334' title='bbox 804 4296 853 4350; x_wconf 90' lang='lat' dir='ltr'>sub</span> <span class='ocrx_word' id='word_1_335' title='bbox 867 4295 1046 4350; x_wconf 79' lang='lat' dir='ltr'>fundamentis</span> <span class='ocrx_word' id='word_1_336' title='bbox 1060 4295 1116 4349; x_wconf 87' lang='lat' dir='ltr'>eius</span> <span class='ocrx_word' id='word_1_337' title='bbox 1124 4296 1228 4364; x_wconf 88' lang='lat' dir='ltr'>generis</span> <span class='ocrx_word' id='word_1_338' title='bbox 1239 4292 1336 4346; x_wconf 88' lang='lat' dir='ltr'>habent</span> <span class='ocrx_word' id='word_1_339' title='bbox 1346 4291 1426 4358; x_wconf 87' lang='lat' dir='ltr'>palos.</span> <span class='ocrx_word' id='word_1_340' title='bbox 1437 4320 1472 4329; x_wconf 97' lang='lat'>—</span> 
     </span>
    </p>
   </div>
   <div class='ocr_carea' id='block_1_7' title="bbox 297 4362 1472 4437">
    <p class='ocr_par' dir='ltr' id='par_1_7' title="bbox 297 4362 1472 4437">
     <span class='ocr_line' id='line_1_38' title="bbox 297 4362 1472 4437; baseline -0.006 -17"><span class='ocrx_word' id='word_1_341' title='bbox 297 4367 333 4420; x_wconf 83' lang='lat' dir='ltr'>cf.</span> <span class='ocrx_word' id='word_1_342' title='bbox 344 4365 488 4421; x_wconf 87' lang='lat' dir='ltr'>Schneider</span> <span class='ocrx_word' id='word_1_343' title='bbox 501 4369 534 4421; x_wconf 88' lang='lat' dir='ltr'>ad</span> <span class='ocrx_word' id='word_1_344' title='bbox 548 4367 575 4422; x_wconf 85' lang='lat'>11</span> <span class='ocrx_word' id='word_1_345' title='bbox 589 4368 614 4437; x_wconf 84' lang='lat'>9,</span> <span class='ocrx_word' id='word_1_346' title='bbox 628 4370 669 4423; x_wconf 90' lang='lat'>11.</span> <span class='ocrx_word' id='word_1_347' title='bbox 702 4369 715 4422; x_wconf 94' lang='grc' dir='ltr'><strong>Ι</strong></span> <span class='ocrx_word' id='word_1_348' title='bbox 729 4386 754 4437; x_wconf 92' lang='lat' dir='ltr'>p.</span> <span class='ocrx_word' id='word_1_349' title='bbox 766 4366 817 4422; x_wconf 84' lang='grc'>149</span> <span class='ocrx_word' id='word_1_350' title='bbox 830 4383 869 4436; x_wconf 91' lang='lat' dir='ltr'>sq,</span> <span class='ocrx_word' id='word_1_351' title='bbox 883 4369 929 4436; x_wconf 87' lang='lat' dir='ltr'>qui</span> <span class='ocrx_word' id='word_1_352' title='bbox 940 4368 1071 4436; x_wconf 86' lang='lat' dir='ltr'>antiquam</span> <span class='ocrx_word' id='word_1_353' title='bbox 1086 4366 1245 4421; x_wconf 89' lang='lat' dir='ltr'>sententiam</span> <span class='ocrx_word' id='word_1_354' title='bbox 1259 4369 1331 4416; x_wconf 87' lang='lat' dir='ltr'>recte</span> <span class='ocrx_word' id='word_1_355' title='bbox 1345 4362 1472 4417; x_wconf 85' lang='lat' dir='ltr'>defendit.</span> 
     </span>
    </p>
   </div>
   <div class='ocr_carea' id='block_1_8' title="bbox 0 0 1850 5217">
    <p class='ocr_par' dir='ltr' id='par_1_8' title="bbox 0 0 1850 5217">
     <span class='ocr_line' id='line_1_39' title="bbox 0 0 1850 5217; baseline 0 0"><span class='ocrx_word' id='word_1_356' title='bbox 0 0 1850 5217; x_wconf 95' lang='lat' dir='ltr'> </span> 
     </span>
    </p>
   </div>
  </div>
 </body>
</html>
