3684 5217
818 516 1029 577 ..62-

339 713 415 758 esse.
464 694 526 758 Ubi
546 696 728 757 etiamnunc
751 695 854 756 exstat
874 714 992 767 murua
1017 712 1119 775 neque
1139 710 1212 754 vero
1238 691 1431 767 elateribus,
1454 690 1510 753 sed

338 822 356 865 e
388 802 546 884 lapidibus
579 801 740 884 quadratis
770 802 877 863 factus.
928 800 1040 882 Itaque
1074 799 1228 861 Nissenus
1261 804 1350 881 putat
1382 818 1508 859 murum

338 909 511 970 latericium
533 891 731 970 exstructum
751 925 819 969 esse
834 907 966 969 Tuscis
990 905 1193 988 temporibus,
1213 924 1285 967 cum
1307 904 1381 967 urbs
1400 903 1510 987 ampli-

337 1014 488 1077 ficaretur
510 1023 605 1096 atque
629 1022 737 1097 postea
759 1022 887 1097 propter
908 1014 1108 1095 fragilitatem
1139 1013 1286 1075 materiae
1310 1017 1340 1075 et
1363 1012 1511 1093 repetitas

339 1122 568 1184 destructiones
592 1122 824 1197 evanuisse.²⁰⁰)
1462 1198 1465 1202 r

427 1227 476 1291 De
499 1229 698 1291 aedilitate
725 1228 906 1289 Varronis
931 1234 967 1289 et
990 1226 1182 1299 Murenae,
1206 1246 1301 1308 quam
1321 1243 1510 1287 commemo-

337 1341 386 1397 rat
408 1356 436 1417 p.
460 1336 512 1416 49,
540 1337 587 1416 14,
613 1355 805 1417 quamquam
831 1334 909 1395 nihil
935 1334 1064 1421 aliunde
1088 1336 1212 1410 scimus
1238 1335 1343 1395 tamen
1368 1340 1510 1410 nonest,

338 1461 396 1506 cur
419 1442 613 1519 dubitemus3
639 1441 774 1503 Murena
798 1460 873 1503 vero
898 1460 960 1504 non
987 1442 1013 1503 is
1037 1442 1164 1502 videtur
1184 1459 1262 1511 esse,
1286 1458 1381 1522 quem
1403 1438 1511 1501 Cicero

340 1549 481 1611 oratione
500 1549 554 1611 illa
574 1548 721 1629 defendit,
746 1549 800 1611 sed
821 1549 902 1611 alius
922 1549 1115 1631 quidam.²⁰1)
1153 1545 1244 1621 Quod
1266 1548 1304 1609 ad
1323 1564 1391 1608 rem
1411 1547 1510 1628 ipsam

338 1657 451 1719 attinet
480 1656 521 1738 (p.
546 1657 598 1736 49,
624 1657 769 1717 11-141
806 1654 1059 1736 „Lacedaemone
1083 1674 1100 1717 e
1124 1654 1310 1736 quibusdam
1338 1652 1511 1735 parietibus

338 1764 431 1824 etiam
456 1764 598 1844 picturae
623 1764 748 1826 excisae
771 1764 948 1825 intersectis
971 1762 1120 1824 lateribus
1144 1762 1282 1824 inclusae
1306 1761 1432 1822 suntin
1453 1760 1511 1840 lig·

338 1870 407 1931 neis
430 1868 541 1931 formis
565 1877 596 1931 et
619 1871 649 1931 in
675 1871 837 1932 comitium
870 1870 908 1932 ad
934 1875 1078 1931 ornatum
1111 1868 1279 1931 aedilitatis
1303 1866 1456 1943 Varronis
1481 1872 1513 1928 et

338 1974 492 2039 Murenae
510 1976 640 2039 fuerunt
659 1977 811 2056 adlatae“)
835 1978 911 2038 satis
931 1976 1059 2038 aliunde
1078 1978 1194 2038 scimus
1212 1973 1371 2036 Romanos
1390 1973 1513 2035 nobiles

337 2088 434 2164 atque
452 2084 607 2165 imprimis
627 2085 830 2164 magistratus
849 2103 913 2145 non
932 2083 1084 2165 puduisse
1104 2088 1230 2160 statuas
1255 2082 1403 2163 picturas,
1426 2099 1512 2152 vasa,

338 2188 477 2272 denique
508 2209 601 2253 omne
630 2209 732 2272 genus
762 2192 838 2253 artis
869 2208 999 2273 operum
1023 2208 1131 2251 secum
1156 2206 1173 2250 e
1197 2187 1328 2249 Graecia
1352 2189 1513 2269 asportare

337 2296 378 2358 ad
397 2316 486 2358 suam
508 2298 640 2379 patriam
661 2297 886 2378 exornandam,
910 2297 942 2358 id
963 2296 1047 2379 quod
1066 2298 1100 2357 in
1120 2294 1252 2357 Graecia
1272 2313 1400 2377 quoque
1419 2312 1513 2355 nemo

337 2402 489 2466 audacius
513 2405 671 2467 commisit
695 2423 789 2487 quam
809 2403 924 2467 Verres
947 2404 1001 2466 ille
1024 2402 1274 2483 notissimus.²⁰²)
1321 2399 1413 2475 Quod
1437 2420 1511 2462 curn

336 2529 378 2571 ne
401 2511 603 2573 inhonestum
624 2513 752 2594 quidem
774 2511 949 2591 baberetur,
973 2530 1030 2572 cur
1051 2509 1233 2587 Varronem,
1253 2507 1512 2573 hominemalias

337 2619 496 2698 integrum
520 2624 614 2700 atque
639 2618 782 2700 probum,
805 2638 869 2680 non
888 2618 998 2681 fecisse
1018 2615 1190 2696 credamus,
1214 2616 1336 2679 nullam
1357 2614 1513 2677 habemus

337 2742 473 2787 causam.
529 2727 637 2806 Atque
669 2727 694 2787 si
729 2726 920 2806 quaerimus,
963 2724 1001 2786 ad
1041 2724 1119 2805 quid
1151 2724 1327 2785 ornandum
1359 2758 1404 2767 -
1435 2740 1510 2783 nam

337 2831 501 2893 comitium
524 2833 631 2915 ipsum
655 2851 729 2894 area
752 2837 819 2894 erat
837 2830 982 2913 pluribus
1001 2828 1154 2893 aedificiis
1173 2830 1383 2892 circumclusa
1406 2828 1511 2890 -illi

337 2938 476 3020 picturas
499 2936 631 3000 Romam
656 2938 831 3001 afferendas
856 2938 1044 3018 curaverint,
1076 2937 1257 2999 memineris
1281 2955 1307 2999 e.
1330 2956 1355 2998 c.
1379 2935 1512 3015 curiam,

338 3063 420 3125 quae
439 3045 479 3106 ad
498 3046 661 3107 comitium
682 3047 742 3107 sita
760 3050 834 3125 erat,
858 3065 876 3106 a
892 3044 980 3107 Sulla
998 3044 1092 3127 paulo
1112 3048 1336 3106 commutatam
1355 3048 1385 3104 et
1404 3042 1513 3124 ampli·

336 3150 461 3214 ficatam
481 3170 555 3233 esse,
576 3171 638 3234 qua
661 3171 694 3214 re
713 3151 868 3214 nonnulla
886 3152 963 3213 artis
984 3155 1188 3213 monumenta
1207 3150 1318 3213 tollere
1338 3168 1418 3231 opus
1429 3154 1510 3227 erat3

337 3259 422 3321 unde
438 3258 577 3320 studium
595 3258 723 3321 illorum
740 3258 898 3338 aedilium,
918 3276 1053 3341 quorum
1075 3257 1217 3319 aedilitas
1237 3258 1374 3318 nonita
1394 3256 1510 3318 multo

336 3372 418 3450 post
442 3364 575 3428 Sullae
594 3370 757 3428 aetatem
787 3365 908 3427 fuisse
932 3369 1069 3446 potest,
1099 3362 1278 3426 aedilicium
1302 3362 1380 3425 illud
1406 3362 1511 3425 denuo

336 3473 512 3535 exornandi
536 3473 674 3554 colligas.

425 3579 600 3662 Postquam
624 3580 700 3642 satis
724 3578 826 3661 ample
846 3579 885 3641 de
904 3577 1096 3644 Graecorum
1121 3576 1270 3639 latericiis
1293 3575 1511 3639 monumentis

336 3687 471 3769 publicis
496 3688 559 3769 egit
585 3686 751 3749 Vitruvius
774 3693 877 3769 atque,
909 3686 1003 3747 sicuti
1027 3703 1094 3747 mos
1118 3685 1186 3747 eius
1211 3687 1266 3749 est.
1296 3681 1412 3744 fabulis
1439 3682 1509 3764 qui·

338 3793 471 3856 busdam
482 3793 596 3875 lepidis
608 3794 779 3855 orationem
795 3793 968 3869 adornavit,
988 3791 1113 3853 tandem
1125 3792 1237 3853 transit
1255 3790 1294 3851 ad
1314 3790 1511 3851 latericiae

336 3907 552 3963 structurae
585 3901 682 3982 apud
714 3898 900 3961 Romanos
936 3918 1042 3961 usum
1076 3899 1108 3980 (ξ
1144 3898 1184 3967 16
1217 3898 1303 3979 sqq);
1347 3894 1404 3958 sed
1436 3914 1508 3957 cum

336 4008 492 4070 eiusmodi
527 4006 669 4069 aedificia
703 4006 830 4090 publica
860 4003 1004 4069 Romana
1038 4024 1143 4087 neque
1173 4012 1265 4067 antea
1300 4004 1511 4065 nominaverit

424 4181 486 4248 200)
505 4183 601 4236 Nissen
621 4182 750 4237 Laudeslr.
769 4181 797 4234 11
815 4198 840 4249 p.
860 4182 910 4234 317
931 4196 969 4247 sq.
1008 4181 1090 4233 Durm
1110 4179 1191 4232 Bauk.
1211 4180 1257 4232 der
1276 4179 1351 4231 Rom.
1372 4196 1396 4245 p.
1415 4176 1458 4229 20.

425 4252 486 4317 201)
507 4255 541 4309 of.
555 4254 747 4322 praefationem
761 4253 821 4305 edit.
841 4251 940 4305 Halmii
960 4254 1008 4320 §d
1028 4252 1061 4305 of.
1081 4251 1281 4320 prosopograph.
1292 4250 1354 4317 imp.
1365 4249 1439 4302 Rom.
1450 4264 1471 4301 s.
1483 4265 1509 4304 v.

424 4324 486 4394 202)
506 4327 539 4379 cf.
548 4325 702 4393 Hertzberg,
721 4324 815 4378 Gesch.
825 4322 1031 4376 Griechenlands
1039 4340 1063 4377 u.
1072 4323 1097 4379 d.
1106 4322 1230 4377 Hansch.
1239 4323 1263 4374 d.
1274 4321 1349 4375 Rom.
1360 4320 1382 4389 Ι,
1390 4336 1414 4387 p.
1422 4318 1509 4373 42411.
