<?xml version="1.0" encoding="UTF-8"?>
<!DOCTYPE html PUBLIC "-//W3C//DTD XHTML 1.0 Transitional//EN"
    "http://www.w3.org/TR/xhtml1/DTD/xhtml1-transitional.dtd">
<html xmlns="http://www.w3.org/1999/xhtml" xml:lang="en" lang="en">
 <head>
  <title>
</title>
<meta http-equiv="Content-Type" content="text/html;charset=utf-8" />
  <meta name='ocr-system' content='tesseract 3.04.00' />
  <meta name='ocr-capabilities' content='ocr_page ocr_carea ocr_par ocr_line ocrx_word'/>
</head>
<body>
  <div class='ocr_page' id='page_1' title='image "./quaestionumvitr00dietgoog_0017.png"; bbox 0 0 3684 5217; ppageno 0'>
   <div class='ocr_carea' id='block_1_1' title="bbox 860 556 1059 616">
    <p class='ocr_par' dir='ltr' id='par_1_1' title="bbox 860 556 1059 616">
     <span class='ocr_line' id='line_1_1' title="bbox 860 556 1059 616; baseline -0.01 -15"><span class='ocrx_word' id='word_1_1' title='bbox 860 556 1059 616; x_wconf 83' lang='grc'>..9-</span> 
     </span>
    </p>
   </div>
   <div class='ocr_carea' id='block_1_2' title="bbox 370 730 1550 3806">
    <p class='ocr_par' dir='ltr' id='par_1_2' title="bbox 373 730 1545 922">
     <span class='ocr_line' id='line_1_2' title="bbox 373 730 1545 814; baseline -0.005 -15"><span class='ocrx_word' id='word_1_2' title='bbox 373 736 486 799; x_wconf 90' lang='lat' dir='ltr'><strong>credat.</strong></span> <span class='ocrx_word' id='word_1_3' title='bbox 534 732 604 809; x_wconf 79' lang='lat' dir='ltr'><strong>Qua</strong></span> <span class='ocrx_word' id='word_1_4' title='bbox 635 734 668 794; x_wconf 93' lang='lat' dir='ltr'><strong>in</strong></span> <span class='ocrx_word' id='word_1_5' title='bbox 702 751 736 795; x_wconf 92' lang='lat' dir='ltr'><strong>re</strong></span> <span class='ocrx_word' id='word_1_6' title='bbox 768 752 832 795; x_wconf 90' lang='lat' dir='ltr'><strong>non</strong></span> <span class='ocrx_word' id='word_1_7' title='bbox 865 733 1002 795; x_wconf 87' lang='lat' dir='ltr'><strong>multum</strong></span> <span class='ocrx_word' id='word_1_8' title='bbox 1026 730 1131 795; x_wconf 83' lang='lat' dir='ltr'><strong>differt</strong></span> <span class='ocrx_word' id='word_1_9' title='bbox 1162 752 1180 793; x_wconf 92' lang='lat' dir='ltr'><strong>a</strong></span> <span class='ocrx_word' id='word_1_10' title='bbox 1207 730 1456 814; x_wconf 81' lang='lat' dir='ltr'><strong>Degeringio,²⁸)</strong></span> <span class='ocrx_word' id='word_1_11' title='bbox 1489 732 1545 814; x_wconf 90' lang='lat' dir='ltr'><strong>qui</strong></span> 
     </span>
     <span class='ocr_line' id='line_1_3' title="bbox 375 839 1303 922; baseline -0.002 -21"><span class='ocrx_word' id='word_1_12' title='bbox 375 842 558 905; x_wconf 87' lang='lat' dir='ltr'><strong>Vitruvium</strong></span> <span class='ocrx_word' id='word_1_13' title='bbox 582 842 666 903; x_wconf 85' lang='lat' dir='ltr'><strong>intra</strong></span> <span class='ocrx_word' id='word_1_14' title='bbox 689 858 788 903; x_wconf 91' lang='lat' dir='ltr'><strong>annos</strong></span> <span class='ocrx_word' id='word_1_15' title='bbox 812 840 852 903; x_wconf 82' lang='grc'><strong>27</strong></span> <span class='ocrx_word' id='word_1_16' title='bbox 879 844 910 902; x_wconf 91' lang='lat' dir='ltr'><strong>et</strong></span> <span class='ocrx_word' id='word_1_17' title='bbox 934 841 975 901; x_wconf 83' lang='lat'><strong>23</strong></span> <span class='ocrx_word' id='word_1_18' title='bbox 999 839 1163 922; x_wconf 79' lang='lat' dir='ltr'><strong>scripsisse</strong></span> <span class='ocrx_word' id='word_1_19' title='bbox 1185 840 1303 901; x_wconf 80' lang='lat' dir='ltr'><strong>statuit.</strong></span> 
     </span>
    </p>

    <p class='ocr_par' dir='ltr' id='par_1_3' title="bbox 370 944 1548 1863">
     <span class='ocr_line' id='line_1_4' title="bbox 461 944 1547 1025; baseline -0.003 -14"><span class='ocrx_word' id='word_1_20' title='bbox 461 948 498 1011; x_wconf 89' lang='lat' dir='ltr'><strong>In</strong></span> <span class='ocrx_word' id='word_1_21' title='bbox 531 948 661 1011; x_wconf 90' lang='lat' dir='ltr'><strong>illorum</strong></span> <span class='ocrx_word' id='word_1_22' title='bbox 695 947 882 1009; x_wconf 86' lang='lat' dir='ltr'><strong>sententiam</strong></span> <span class='ocrx_word' id='word_1_23' title='bbox 916 948 978 1008; x_wconf 91' lang='lat' dir='ltr'><strong>viri</strong></span> <span class='ocrx_word' id='word_1_24' title='bbox 1010 946 1094 1009; x_wconf 93' lang='lat' dir='ltr'><strong>docti</strong></span> <span class='ocrx_word' id='word_1_25' title='bbox 1123 945 1294 1025; x_wconf 85' lang='lat' dir='ltr'><strong>Tannery</strong></span> <span class='ocrx_word' id='word_1_26' title='bbox 1327 950 1359 1009; x_wconf 90' lang='lat' dir='ltr'><strong>et</strong></span> <span class='ocrx_word' id='word_1_27' title='bbox 1389 944 1547 1008; x_wconf 82' lang='lat' dir='ltr'><strong>Brovvne</strong></span> 
     </span>
     <span class='ocr_line' id='line_1_5' title="bbox 370 1052 1547 1136; baseline -0.003 -18"><span class='ocrx_word' id='word_1_28' title='bbox 370 1060 463 1118; x_wconf 88' lang='lat' dir='ltr'><strong>caute</strong></span> <span class='ocrx_word' id='word_1_29' title='bbox 492 1057 536 1117; x_wconf 91' lang='lat' dir='ltr'><strong>ita</strong></span> <span class='ocrx_word' id='word_1_30' title='bbox 567 1054 782 1117; x_wconf 89' lang='lat' dir='ltr'><strong>discesserunt</strong></span> <span class='ocrx_word' id='word_1_31' title='bbox 809 1054 828 1115; x_wconf 94' lang='lat' dir='ltr'><strong>l.</strong></span> <span class='ocrx_word' id='word_1_32' title='bbox 852 1053 881 1135; x_wconf 85' lang='lat' dir='ltr'><strong>l,</strong></span> <span class='ocrx_word' id='word_1_33' title='bbox 911 1058 947 1115; x_wconf 95' lang='lat' dir='ltr'><strong>ut</strong></span> <span class='ocrx_word' id='word_1_34' title='bbox 977 1053 1037 1136; x_wconf 93' lang='lat' dir='ltr'><strong>ipsi</strong></span> <span class='ocrx_word' id='word_1_35' title='bbox 1061 1071 1197 1135; x_wconf 82' lang='lat' dir='ltr'><strong>¹quoque</strong></span> <span class='ocrx_word' id='word_1_36' title='bbox 1220 1052 1405 1115; x_wconf 87' lang='lat' dir='ltr'><strong>Vitruvium</strong></span> <span class='ocrx_word' id='word_1_37' title='bbox 1435 1053 1547 1135; x_wconf 91' lang='lat' dir='ltr'><strong>primis</strong></span> 
     </span>
     <span class='ocr_line' id='line_1_6' title="bbox 371 1160 1548 1245; baseline -0.003 -22"><span class='ocrx_word' id='word_1_38' title='bbox 371 1163 497 1245; x_wconf 90' lang='lat' dir='ltr'><strong>imperii</strong></span> <span class='ocrx_word' id='word_1_39' title='bbox 512 1162 654 1243; x_wconf 85' lang='lat' dir='ltr'><strong>Augusti</strong></span> <span class='ocrx_word' id='word_1_40' title='bbox 673 1161 765 1223; x_wconf 92' lang='lat' dir='ltr'><strong>annis</strong></span> <span class='ocrx_word' id='word_1_41' title='bbox 784 1160 948 1242; x_wconf 84' lang='lat' dir='ltr'><strong>scripsisse</strong></span> <span class='ocrx_word' id='word_1_42' title='bbox 967 1160 1184 1223; x_wconf 90' lang='lat' dir='ltr'><strong>concederent.</strong></span> <span class='ocrx_word' id='word_1_43' title='bbox 1218 1161 1415 1243; x_wconf 82' lang='lat' dir='ltr'><strong>Argumenta</strong></span> <span class='ocrx_word' id='word_1_44' title='bbox 1434 1166 1548 1237; x_wconf 90' lang='lat' dir='ltr'><strong>autem,</strong></span> 
     </span>
     <span class='ocr_line' id='line_1_7' title="bbox 372 1266 1548 1351; baseline -0.002 -21"><span class='ocrx_word' id='word_1_45' title='bbox 372 1268 492 1351; x_wconf 87' lang='lat' dir='ltr'><strong>quibus</strong></span> <span class='ocrx_word' id='word_1_46' title='bbox 516 1269 562 1331; x_wconf 88' lang='lat' dir='ltr'><strong>illi</strong></span> <span class='ocrx_word' id='word_1_47' title='bbox 586 1273 730 1343; x_wconf 90' lang='lat' dir='ltr'><strong>utuntur,</strong></span> <span class='ocrx_word' id='word_1_48' title='bbox 761 1266 836 1328; x_wconf 87' lang='lat' dir='ltr'><strong>talia</strong></span> <span class='ocrx_word' id='word_1_49' title='bbox 860 1274 944 1346; x_wconf 90' lang='lat' dir='ltr'><strong>sunt,</strong></span> <span class='ocrx_word' id='word_1_50' title='bbox 967 1272 1004 1329; x_wconf 93' lang='lat' dir='ltr'><strong>ut</strong></span> <span class='ocrx_word' id='word_1_51' title='bbox 1023 1266 1154 1329; x_wconf 90' lang='lat' dir='ltr'><strong>minime</strong></span> <span class='ocrx_word' id='word_1_52' title='bbox 1172 1268 1372 1329; x_wconf 91' lang='lat' dir='ltr'><strong>consentiant</strong></span> <span class='ocrx_word' id='word_1_53' title='bbox 1395 1285 1468 1328; x_wconf 92' lang='lat' dir='ltr'><strong>cum</strong></span> <span class='ocrx_word' id='word_1_54' title='bbox 1492 1266 1548 1345; x_wconf 89' lang='lat' dir='ltr'><strong>eis,</strong></span> 
     </span>
     <span class='ocr_line' id='line_1_8' title="bbox 374 1372 1547 1457; baseline -0.002 -20"><span class='ocrx_word' id='word_1_55' title='bbox 374 1394 458 1457; x_wconf 90' lang='lat' dir='ltr'><strong>quae</strong></span> <span class='ocrx_word' id='word_1_56' title='bbox 491 1376 594 1437; x_wconf 87' lang='lat' dir='ltr'><strong>adbuc</strong></span> <span class='ocrx_word' id='word_1_57' title='bbox 624 1374 829 1457; x_wconf 82' lang='lat' dir='ltr'><strong>proferuntur</strong></span> <span class='ocrx_word' id='word_1_58' title='bbox 861 1374 901 1435; x_wconf 93' lang='lat' dir='ltr'><strong>ad</strong></span> <span class='ocrx_word' id='word_1_59' title='bbox 924 1378 1059 1456; x_wconf 90' lang='lat' dir='ltr'><strong>tempus,</strong></span> <span class='ocrx_word' id='word_1_60' title='bbox 1092 1392 1156 1456; x_wconf 92' lang='lat' dir='ltr'><strong>quo</strong></span> <span class='ocrx_word' id='word_1_61' title='bbox 1180 1372 1348 1436; x_wconf 87' lang='lat' dir='ltr'><strong>Vitruvius</strong></span> <span class='ocrx_word' id='word_1_62' title='bbox 1380 1373 1547 1454; x_wconf 82' lang='lat' dir='ltr'><strong>scripserit,</strong></span> 
     </span>
     <span class='ocr_line' id='line_1_9' title="bbox 375 1479 1548 1562; baseline -0.001 -19"><span class='ocrx_word' id='word_1_63' title='bbox 375 1480 709 1559; x_wconf 91' lang='lat' dir='ltr'><strong>circumscribendum,</strong></span> <span class='ocrx_word' id='word_1_64' title='bbox 745 1498 851 1562; x_wconf 89' lang='lat' dir='ltr'><strong>neque</strong></span> <span class='ocrx_word' id='word_1_65' title='bbox 888 1486 994 1543; x_wconf 91' lang='lat' dir='ltr'><strong>tamen</strong></span> <span class='ocrx_word' id='word_1_66' title='bbox 1032 1481 1099 1543; x_wconf 92' lang='lat' dir='ltr'><strong>ullo</strong></span> <span class='ocrx_word' id='word_1_67' title='bbox 1136 1481 1229 1542; x_wconf 92' lang='lat' dir='ltr'><strong>modo</strong></span> <span class='ocrx_word' id='word_1_68' title='bbox 1261 1480 1386 1561; x_wconf 84' lang='lat' dir='ltr'><strong>neglegi</strong></span> <span class='ocrx_word' id='word_1_69' title='bbox 1417 1479 1548 1561; x_wconf 88' lang='lat' dir='ltr'><strong>possint,</strong></span> 
     </span>
     <span class='ocr_line' id='line_1_10' title="bbox 379 1586 1548 1669; baseline 0 -20"><span class='ocrx_word' id='word_1_70' title='bbox 379 1588 531 1669; x_wconf 91' lang='lat' dir='ltr'><strong>quoniam</strong></span> <span class='ocrx_word' id='word_1_71' title='bbox 556 1588 717 1669; x_wconf 87' lang='lat' dir='ltr'><strong>exipsius</strong></span> <span class='ocrx_word' id='word_1_72' title='bbox 740 1586 882 1650; x_wconf 89' lang='lat' dir='ltr'><strong>Vitruvii</strong></span> <span class='ocrx_word' id='word_1_73' title='bbox 906 1587 945 1650; x_wconf 89' lang='lat' dir='ltr'><strong>de</strong></span> <span class='ocrx_word' id='word_1_74' title='bbox 967 1586 1048 1650; x_wconf 92' lang='lat' dir='ltr'><strong>libro</strong></span> <span class='ocrx_word' id='word_1_75' title='bbox 1078 1605 1137 1650; x_wconf 89' lang='lat' dir='ltr'><strong>suo</strong></span> <span class='ocrx_word' id='word_1_76' title='bbox 1161 1586 1267 1649; x_wconf 91' lang='lat' dir='ltr'><strong>verbis</strong></span> <span class='ocrx_word' id='word_1_77' title='bbox 1297 1587 1432 1669; x_wconf 87' lang='lat' dir='ltr'><strong>aliisque</strong></span> <span class='ocrx_word' id='word_1_78' title='bbox 1461 1586 1548 1649; x_wconf 90' lang='lat' dir='ltr'><strong>testi·</strong></span> 
     </span>
     <span class='ocr_line' id='line_1_11' title="bbox 379 1693 1547 1777; baseline 0 -22"><span class='ocrx_word' id='word_1_79' title='bbox 379 1694 493 1757; x_wconf 89' lang='lat' dir='ltr'><strong>moniis</strong></span> <span class='ocrx_word' id='word_1_80' title='bbox 521 1694 560 1757; x_wconf 91' lang='lat' dir='ltr'><strong>ad</strong></span> <span class='ocrx_word' id='word_1_81' title='bbox 590 1695 747 1756; x_wconf 84' lang='lat' dir='ltr'><strong>historiam</strong></span> <span class='ocrx_word' id='word_1_82' title='bbox 771 1693 988 1777; x_wconf 86' lang='lat' dir='ltr'><strong>spectantibus</strong></span> <span class='ocrx_word' id='word_1_83' title='bbox 1011 1694 1179 1775; x_wconf 86' lang='lat' dir='ltr'><strong>ducuntur,</strong></span> <span class='ocrx_word' id='word_1_84' title='bbox 1206 1699 1243 1756; x_wconf 94' lang='lat' dir='ltr'><strong>ut</strong></span> <span class='ocrx_word' id='word_1_85' title='bbox 1265 1712 1364 1775; x_wconf 90' lang='lat' dir='ltr'><strong>paene</strong></span> <span class='ocrx_word' id='word_1_86' title='bbox 1390 1712 1547 1775; x_wconf 79' lang='lat' dir='ltr'><strong>cogamur,</strong></span> 
     </span>
     <span class='ocr_line' id='line_1_12' title="bbox 378 1800 1049 1863; baseline 0.003 -2"><span class='ocrx_word' id='word_1_87' title='bbox 378 1800 417 1862; x_wconf 93' lang='lat' dir='ltr'><strong>de</strong></span> <span class='ocrx_word' id='word_1_88' title='bbox 440 1801 612 1863; x_wconf 88' lang='lat' dir='ltr'><strong>inveterata</strong></span> <span class='ocrx_word' id='word_1_89' title='bbox 633 1800 689 1862; x_wconf 90' lang='lat' dir='ltr'><strong>illa</strong></span> <span class='ocrx_word' id='word_1_90' title='bbox 712 1802 868 1863; x_wconf 87' lang='lat' dir='ltr'><strong>sententia</strong></span> <span class='ocrx_word' id='word_1_91' title='bbox 891 1800 1049 1863; x_wconf 83' lang='lat' dir='ltr'><strong>decedere.</strong></span> 
     </span>
    </p>

    <p class='ocr_par' dir='ltr' id='par_1_4' title="bbox 373 1906 1550 3806">
     <span class='ocr_line' id='line_1_13' title="bbox 464 1906 1548 1989; baseline -0.001 -20"><span class='ocrx_word' id='word_1_92' title='bbox 464 1906 525 1970; x_wconf 82' lang='lat' dir='ltr'><strong>Sed</strong></span> <span class='ocrx_word' id='word_1_93' title='bbox 556 1926 628 1971; x_wconf 91' lang='lat' dir='ltr'><strong>cum</strong></span> <span class='ocrx_word' id='word_1_94' title='bbox 660 1907 698 1971; x_wconf 90' lang='lat' dir='ltr'><strong>de</strong></span> <span class='ocrx_word' id='word_1_95' title='bbox 729 1908 786 1969; x_wconf 89' lang='lat' dir='ltr'><strong>hac</strong></span> <span class='ocrx_word' id='word_1_96' title='bbox 816 1926 850 1969; x_wconf 90' lang='lat' dir='ltr'><strong>re</strong></span> <span class='ocrx_word' id='word_1_97' title='bbox 880 1909 962 1969; x_wconf 91' lang='lat' dir='ltr'><strong>inter</strong></span> <span class='ocrx_word' id='word_1_98' title='bbox 991 1906 1062 1969; x_wconf 87' lang='grc'><strong>11100</strong></span> <span class='ocrx_word' id='word_1_99' title='bbox 1092 1908 1178 1989; x_wconf 91' lang='lat' dir='ltr'><strong>ipsos</strong></span> <span class='ocrx_word' id='word_1_100' title='bbox 1207 1909 1292 1969; x_wconf 91' lang='lat' dir='ltr'><strong>viros</strong></span> <span class='ocrx_word' id='word_1_101' title='bbox 1322 1907 1454 1969; x_wconf 91' lang='lat' dir='ltr'><strong>minime</strong></span> <span class='ocrx_word' id='word_1_102' title='bbox 1483 1906 1548 1968; x_wconf 93' lang='lat' dir='ltr'><strong>iam</strong></span> 
     </span>
     <span class='ocr_line' id='line_1_14' title="bbox 373 2013 1549 2097; baseline -0.001 -23"><span class='ocrx_word' id='word_1_103' title='bbox 373 2014 543 2076; x_wconf 89' lang='lat' dir='ltr'><strong>conveniat</strong></span> <span class='ocrx_word' id='word_1_104' title='bbox 572 2032 676 2097; x_wconf 91' lang='lat' dir='ltr'><strong>neque</strong></span> <span class='ocrx_word' id='word_1_105' title='bbox 707 2013 854 2077; x_wconf 89' lang='lat' dir='ltr'><strong>omnibus</strong></span> <span class='ocrx_word' id='word_1_106' title='bbox 884 2015 919 2075; x_wconf 95' lang='lat' dir='ltr'><strong>in</strong></span> <span class='ocrx_word' id='word_1_107' title='bbox 950 2013 1045 2077; x_wconf 90' lang='lat' dir='ltr'><strong>rebus</strong></span> <span class='ocrx_word' id='word_1_108' title='bbox 1074 2013 1215 2076; x_wconf 88' lang='lat' dir='ltr'><strong>Krchnio</strong></span> <span class='ocrx_word' id='word_1_109' title='bbox 1246 2014 1390 2076; x_wconf 90' lang='lat' dir='ltr'><strong>assentiri</strong></span> <span class='ocrx_word' id='word_1_110' title='bbox 1421 2013 1549 2095; x_wconf 90' lang='lat' dir='ltr'><strong>possim,</strong></span> 
     </span>
     <span class='ocr_line' id='line_1_15' title="bbox 374 2118 1548 2204; baseline 0 -23"><span class='ocrx_word' id='word_1_111' title='bbox 374 2118 585 2203; x_wconf 88' lang='lat' dir='ltr'><strong>Degeringius</strong></span> <span class='ocrx_word' id='word_1_112' title='bbox 609 2127 723 2202; x_wconf 90' lang='lat' dir='ltr'><strong>autem,</strong></span> <span class='ocrx_word' id='word_1_113' title='bbox 748 2140 842 2204; x_wconf 92' lang='lat' dir='ltr'><strong>quem</strong></span> <span class='ocrx_word' id='word_1_114' title='bbox 867 2140 1031 2204; x_wconf 87' lang='lat' dir='ltr'><strong>speramus</strong></span> <span class='ocrx_word' id='word_1_115' title='bbox 1056 2122 1136 2183; x_wconf 92' lang='lat' dir='ltr'><strong>hanc</strong></span> <span class='ocrx_word' id='word_1_116' title='bbox 1158 2140 1224 2183; x_wconf 91' lang='lat' dir='ltr'><strong>rem</strong></span> <span class='ocrx_word' id='word_1_117' title='bbox 1248 2139 1304 2203; x_wconf 93' lang='lat' dir='ltr'><strong>pro</strong></span> <span class='ocrx_word' id='word_1_118' title='bbox 1329 2140 1387 2182; x_wconf 90' lang='lat' dir='ltr'><strong>sua</strong></span> <span class='ocrx_word' id='word_1_119' title='bbox 1407 2120 1548 2182; x_wconf 87' lang='lat' dir='ltr'><strong>doctrina</strong></span> 
     </span>
     <span class='ocr_line' id='line_1_16' title="bbox 374 2227 1547 2311; baseline -0.003 -21"><span class='ocrx_word' id='word_1_120' title='bbox 374 2232 405 2290; x_wconf 92' lang='lat' dir='ltr'><strong>et</strong></span> <span class='ocrx_word' id='word_1_121' title='bbox 423 2229 592 2309; x_wconf 87' lang='lat' dir='ltr'><strong>sagacitate</strong></span> <span class='ocrx_word' id='word_1_122' title='bbox 610 2227 649 2290; x_wconf 91' lang='lat' dir='ltr'><strong>ad</strong></span> <span class='ocrx_word' id='word_1_123' title='bbox 669 2227 765 2290; x_wconf 92' lang='lat' dir='ltr'><strong>finem</strong></span> <span class='ocrx_word' id='word_1_124' title='bbox 785 2228 1023 2311; x_wconf 91' lang='lat' dir='ltr'><strong>perducturum,</strong></span> <span class='ocrx_word' id='word_1_125' title='bbox 1042 2246 1087 2307; x_wconf 89' lang='lat' dir='ltr'><strong>ea,</strong></span> <span class='ocrx_word' id='word_1_126' title='bbox 1112 2247 1194 2309; x_wconf 91' lang='lat' dir='ltr'><strong>quae</strong></span> <span class='ocrx_word' id='word_1_127' title='bbox 1212 2229 1366 2310; x_wconf 92' lang='lat' dir='ltr'><strong>promisit,</strong></span> <span class='ocrx_word' id='word_1_128' title='bbox 1389 2229 1422 2289; x_wconf 91' lang='lat' dir='ltr'><strong>in</strong></span> <span class='ocrx_word' id='word_1_129' title='bbox 1443 2227 1547 2290; x_wconf 88' lang='lat' dir='ltr'><strong>lucem</strong></span> 
     </span>
     <span class='ocr_line' id='line_1_17' title="bbox 373 2334 1549 2418; baseline -0.002 -21"><span class='ocrx_word' id='word_1_130' title='bbox 373 2334 512 2416; x_wconf 83' lang='lat' dir='ltr'><strong>proferre</strong></span> <span class='ocrx_word' id='word_1_131' title='bbox 545 2340 693 2412; x_wconf 90' lang='lat' dir='ltr'><strong>moretur,</strong></span> <span class='ocrx_word' id='word_1_132' title='bbox 730 2353 842 2418; x_wconf 89' lang='lat' dir='ltr'><strong>operae</strong></span> <span class='ocrx_word' id='word_1_133' title='bbox 880 2337 1017 2417; x_wconf 92' lang='lat' dir='ltr'><strong>pretium</strong></span> <span class='ocrx_word' id='word_1_134' title='bbox 1055 2334 1134 2397; x_wconf 86' lang='lat' dir='ltr'><strong>duxi</strong></span> <span class='ocrx_word' id='word_1_135' title='bbox 1167 2334 1235 2397; x_wconf 92' lang='lat' dir='ltr'><strong>hoc</strong></span> <span class='ocrx_word' id='word_1_136' title='bbox 1266 2336 1349 2417; x_wconf 92' lang='lat' dir='ltr'><strong>ipso</strong></span> <span class='ocrx_word' id='word_1_137' title='bbox 1381 2338 1549 2415; x_wconf 91' lang='lat' dir='ltr'><strong>tempore</strong></span> 
     </span>
     <span class='ocr_line' id='line_1_18' title="bbox 374 2440 1548 2524; baseline -0.003 -20"><span class='ocrx_word' id='word_1_138' title='bbox 374 2442 599 2504; x_wconf 87' lang='lat' dir='ltr'><strong>sententiam</strong></span> <span class='ocrx_word' id='word_1_139' title='bbox 630 2442 749 2520; x_wconf 85' lang='lat' dir='ltr'><strong>illam,</strong></span> <span class='ocrx_word' id='word_1_140' title='bbox 784 2460 892 2523; x_wconf 87' lang='lat' dir='ltr'><strong>quam</strong></span> <span class='ocrx_word' id='word_1_141' title='bbox 922 2443 960 2504; x_wconf 94' lang='lat' dir='ltr'><strong>in</strong></span> <span class='ocrx_word' id='word_1_142' title='bbox 985 2442 1207 2504; x_wconf 90' lang='lat' dir='ltr'><strong>universum</strong></span> <span class='ocrx_word' id='word_1_143' title='bbox 1235 2440 1367 2524; x_wconf 92' lang='lat' dir='ltr'><strong>probo,</strong></span> <span class='ocrx_word' id='word_1_144' title='bbox 1402 2441 1435 2503; x_wconf 93' lang='lat' dir='ltr'><strong>si</strong></span> <span class='ocrx_word' id='word_1_145' title='bbox 1460 2441 1548 2503; x_wconf 82' lang='lat' dir='ltr'><strong>fieri</strong></span> 
     </span>
     <span class='ocr_line' id='line_1_19' title="bbox 377 2547 1548 2631; baseline -0.001 -21"><span class='ocrx_word' id='word_1_146' title='bbox 377 2552 513 2629; x_wconf 89' lang='lat' dir='ltr'><strong>potest,</strong></span> <span class='ocrx_word' id='word_1_147' title='bbox 537 2547 715 2631; x_wconf 92' lang='lat' dir='ltr'><strong>pluribus</strong></span> <span class='ocrx_word' id='word_1_148' title='bbox 738 2550 974 2629; x_wconf 85' lang='lat' dir='ltr'><strong>argumentis</strong></span> <span class='ocrx_word' id='word_1_149' title='bbox 998 2549 1238 2625; x_wconf 86' lang='lat' dir='ltr'><strong>confirmare,</strong></span> <span class='ocrx_word' id='word_1_150' title='bbox 1268 2549 1450 2630; x_wconf 91' lang='lat' dir='ltr'><strong>praesertim</strong></span> <span class='ocrx_word' id='word_1_151' title='bbox 1475 2566 1548 2609; x_wconf 91' lang='lat' dir='ltr'><strong>curn</strong></span> 
     </span>
     <span class='ocr_line' id='line_1_20' title="bbox 377 2653 1547 2737; baseline 0.001 -23"><span class='ocrx_word' id='word_1_152' title='bbox 377 2672 477 2737; x_wconf 88' lang='lat' dir='ltr'><strong>nuper</strong></span> <span class='ocrx_word' id='word_1_153' title='bbox 499 2657 604 2717; x_wconf 92' lang='lat' dir='ltr'><strong>virum</strong></span> <span class='ocrx_word' id='word_1_154' title='bbox 635 2654 761 2717; x_wconf 89' lang='lat' dir='ltr'><strong>doctum</strong></span> <span class='ocrx_word' id='word_1_155' title='bbox 786 2654 1030 2737; x_wconf 81' lang='lat' dir='ltr'><strong>Francogallurn</strong></span> <span class='ocrx_word' id='word_1_156' title='bbox 1055 2653 1193 2716; x_wconf 87' lang='lat' dir='ltr'><strong>Mortet</strong></span> <span class='ocrx_word' id='word_1_157' title='bbox 1221 2655 1337 2717; x_wconf 92' lang='lat' dir='ltr'><strong>iterum</strong></span> <span class='ocrx_word' id='word_1_158' title='bbox 1361 2654 1547 2716; x_wconf 89' lang='lat' dir='ltr'><strong>Vitruvium</strong></span> 
     </span>
     <span class='ocr_line' id='line_1_21' title="bbox 376 2760 1548 2844; baseline -0.002 -21"><span class='ocrx_word' id='word_1_159' title='bbox 376 2760 415 2823; x_wconf 92' lang='lat' dir='ltr'><strong>ab</strong></span> <span class='ocrx_word' id='word_1_160' title='bbox 447 2762 586 2844; x_wconf 87' lang='lat' dir='ltr'><strong>Augusti</strong></span> <span class='ocrx_word' id='word_1_161' title='bbox 619 2760 813 2843; x_wconf 91' lang='lat' dir='ltr'><strong>temporibus</strong></span> <span class='ocrx_word' id='word_1_162' title='bbox 851 2781 1034 2844; x_wconf 87' lang='lat' dir='ltr'><strong>segregasse</strong></span> <span class='ocrx_word' id='word_1_163' title='bbox 1066 2768 1098 2824; x_wconf 92' lang='lat' dir='ltr'><strong>et</strong></span> <span class='ocrx_word' id='word_1_164' title='bbox 1127 2761 1188 2824; x_wconf 85' lang='lat' dir='ltr'><strong>Titi</strong></span> <span class='ocrx_word' id='word_1_165' title='bbox 1222 2762 1388 2843; x_wconf 91' lang='lat' dir='ltr'><strong>aequalem</strong></span> <span class='ocrx_word' id='word_1_166' title='bbox 1427 2761 1548 2822; x_wconf 85' lang='lat' dir='ltr'><strong>dixisse</strong></span> 
     </span>
     <span class='ocr_line' id='line_1_22' title="bbox 375 2866 1549 2947; baseline 0.002 -20"><span class='ocrx_word' id='word_1_167' title='bbox 375 2867 518 2930; x_wconf 88' lang='lat' dir='ltr'><strong>viderim.</strong></span> <span class='ocrx_word' id='word_1_168' title='bbox 564 2866 636 2930; x_wconf 91' lang='lat' dir='ltr'><strong>Hoc</strong></span> <span class='ocrx_word' id='word_1_169' title='bbox 659 2873 763 2931; x_wconf 91' lang='lat' dir='ltr'><strong>autem</strong></span> <span class='ocrx_word' id='word_1_170' title='bbox 788 2870 848 2931; x_wconf 90' lang='lat' dir='ltr'><strong>iam</strong></span> <span class='ocrx_word' id='word_1_171' title='bbox 870 2870 947 2931; x_wconf 90' lang='lat' dir='ltr'><strong>satis</strong></span> <span class='ocrx_word' id='word_1_172' title='bbox 967 2870 1027 2930; x_wconf 91' lang='lat' dir='ltr'><strong>viri</strong></span> <span class='ocrx_word' id='word_1_173' title='bbox 1047 2869 1131 2931; x_wconf 90' lang='lat' dir='ltr'><strong>docti</strong></span> <span class='ocrx_word' id='word_1_174' title='bbox 1155 2869 1420 2947; x_wconf 84' lang='lat' dir='ltr'><strong>demonstrarunt,</strong></span> <span class='ocrx_word' id='word_1_175' title='bbox 1445 2866 1549 2946; x_wconf 90' lang='lat' dir='ltr'><strong>credo,</strong></span> 
     </span>
     <span class='ocr_line' id='line_1_23' title="bbox 375 2972 1549 3057; baseline 0.001 -23"><span class='ocrx_word' id='word_1_176' title='bbox 375 2972 561 3037; x_wconf 90' lang='lat' dir='ltr'><strong>Vitruvium</strong></span> <span class='ocrx_word' id='word_1_177' title='bbox 584 2975 685 3057; x_wconf 91' lang='lat' dir='ltr'><strong>primo</strong></span> <span class='ocrx_word' id='word_1_178' title='bbox 706 2995 732 3037; x_wconf 92' lang='lat' dir='ltr'><strong>a.</strong></span> <span class='ocrx_word' id='word_1_179' title='bbox 752 2974 822 3037; x_wconf 83' lang='lat' dir='ltr'><strong>Chr.</strong></span> <span class='ocrx_word' id='word_1_180' title='bbox 841 2976 969 3038; x_wconf 89' lang='lat' dir='ltr'><strong>saeculo</strong></span> <span class='ocrx_word' id='word_1_181' title='bbox 987 2977 1122 3053; x_wconf 75' lang='lat' dir='ltr'><strong>vixisse,</strong></span> <span class='ocrx_word' id='word_1_182' title='bbox 1148 2994 1247 3057; x_wconf 91' lang='lat' dir='ltr'><strong>quare</strong></span> <span class='ocrx_word' id='word_1_183' title='bbox 1271 2976 1348 3037; x_wconf 90' lang='lat' dir='ltr'><strong>nihil</strong></span> <span class='ocrx_word' id='word_1_184' title='bbox 1368 2975 1453 3037; x_wconf 86' lang='lat' dir='ltr'><strong>aiiud</strong></span> <span class='ocrx_word' id='word_1_185' title='bbox 1473 2975 1549 3037; x_wconf 91' lang='lat' dir='ltr'><strong>mihi</strong></span> 
     </span>
     <span class='ocr_line' id='line_1_24' title="bbox 375 3081 1549 3165; baseline 0.001 -23"><span class='ocrx_word' id='word_1_186' title='bbox 375 3083 527 3163; x_wconf 88' lang='lat' dir='ltr'><strong>proposui</strong></span> <span class='ocrx_word' id='word_1_187' title='bbox 556 3082 618 3144; x_wconf 92' lang='lat' dir='ltr'><strong>nisi</strong></span> <span class='ocrx_word' id='word_1_188' title='bbox 648 3088 693 3162; x_wconf 87' lang='lat' dir='ltr'><strong>ut,</strong></span> <span class='ocrx_word' id='word_1_189' title='bbox 725 3082 874 3164; x_wconf 90' lang='lat' dir='ltr'><strong>quando</strong></span> <span class='ocrx_word' id='word_1_190' title='bbox 898 3081 1103 3145; x_wconf 88' lang='lat' dir='ltr'><strong>Vitruvius</strong></span> <span class='ocrx_word' id='word_1_191' title='bbox 1133 3081 1201 3145; x_wconf 91' lang='lat' dir='ltr'><strong>sub</strong></span> <span class='ocrx_word' id='word_1_192' title='bbox 1226 3084 1398 3165; x_wconf 89' lang='lat' dir='ltr'><strong>Augusto</strong></span> <span class='ocrx_word' id='word_1_193' title='bbox 1430 3081 1549 3144; x_wconf 90' lang='lat' dir='ltr'><strong>libros</strong></span> 
     </span>
     <span class='ocr_line' id='line_1_25' title="bbox 376 3187 1550 3272; baseline -0.002 -21"><span class='ocrx_word' id='word_1_194' title='bbox 376 3187 419 3251; x_wconf 90' lang='lat' dir='ltr'><strong>de</strong></span> <span class='ocrx_word' id='word_1_195' title='bbox 442 3189 701 3252; x_wconf 87' lang='lat' dir='ltr'><strong>architectura</strong></span> <span class='ocrx_word' id='word_1_196' title='bbox 725 3190 926 3272; x_wconf 84' lang='lat' dir='ltr'><strong>scripserit</strong></span> <span class='ocrx_word' id='word_1_197' title='bbox 948 3197 984 3252; x_wconf 91' lang='lat' dir='ltr'><strong>et</strong></span> <span class='ocrx_word' id='word_1_198' title='bbox 1007 3190 1183 3268; x_wconf 88' lang='lat' dir='ltr'><strong>ediderit,</strong></span> <span class='ocrx_word' id='word_1_199' title='bbox 1213 3190 1446 3251; x_wconf 90' lang='lat' dir='ltr'><strong>testimoniis</strong></span> <span class='ocrx_word' id='word_1_200' title='bbox 1470 3207 1550 3251; x_wconf 91' lang='lat' dir='ltr'><strong>cer·</strong></span> 
     </span>
     <span class='ocr_line' id='line_1_26' title="bbox 375 3295 1549 3378; baseline -0.002 -21"><span class='ocrx_word' id='word_1_201' title='bbox 375 3295 438 3376; x_wconf 93' lang='lat' dir='ltr'><strong>tis,</strong></span> <span class='ocrx_word' id='word_1_202' title='bbox 470 3314 565 3378; x_wconf 89' lang='lat' dir='ltr'><strong>quae</strong></span> <span class='ocrx_word' id='word_1_203' title='bbox 594 3296 675 3378; x_wconf 92' lang='lat' dir='ltr'><strong>ipse</strong></span> <span class='ocrx_word' id='word_1_204' title='bbox 706 3296 748 3357; x_wconf 92' lang='lat' dir='ltr'><strong>de</strong></span> <span class='ocrx_word' id='word_1_205' title='bbox 779 3314 816 3358; x_wconf 92' lang='lat' dir='ltr'><strong>se</strong></span> <span class='ocrx_word' id='word_1_206' title='bbox 840 3302 877 3359; x_wconf 94' lang='lat' dir='ltr'><strong>et</strong></span> <span class='ocrx_word' id='word_1_207' title='bbox 900 3302 980 3359; x_wconf 91' lang='lat' dir='ltr'><strong>arte</strong></span> <span class='ocrx_word' id='word_1_208' title='bbox 1004 3315 1071 3358; x_wconf 88' lang='lat' dir='ltr'><strong>sua</strong></span> <span class='ocrx_word' id='word_1_209' title='bbox 1093 3295 1280 3378; x_wconf 91' lang='lat' dir='ltr'><strong>perhibet,</strong></span> <span class='ocrx_word' id='word_1_210' title='bbox 1311 3296 1549 3376; x_wconf 89' lang='lat' dir='ltr'><strong>indiciisque</strong></span> 
     </span>
     <span class='ocr_line' id='line_1_27' title="bbox 376 3400 1549 3485; baseline -0.002 -22"><span class='ocrx_word' id='word_1_211' title='bbox 376 3400 602 3484; x_wconf 89' lang='lat' dir='ltr'><strong>quibusdam</strong></span> <span class='ocrx_word' id='word_1_212' title='bbox 634 3403 676 3465; x_wconf 91' lang='lat' dir='ltr'><strong>ad</strong></span> <span class='ocrx_word' id='word_1_213' title='bbox 707 3403 905 3465; x_wconf 85' lang='lat' dir='ltr'><strong>historiam</strong></span> <span class='ocrx_word' id='word_1_214' title='bbox 937 3408 972 3466; x_wconf 93' lang='grc'><strong>01</strong></span> <span class='ocrx_word' id='word_1_215' title='bbox 1002 3409 1116 3465; x_wconf 89' lang='lat' dir='ltr'><strong>artem</strong></span> <span class='ocrx_word' id='word_1_216' title='bbox 1149 3402 1432 3485; x_wconf 91' lang='lat' dir='ltr'><strong>pertinentibus</strong></span> <span class='ocrx_word' id='word_1_217' title='bbox 1459 3419 1549 3463; x_wconf 90' lang='lat' dir='ltr'><strong>usus</strong></span> 
     </span>
     <span class='ocr_line' id='line_1_28' title="bbox 376 3507 1549 3592; baseline -0.003 -22"><span class='ocrx_word' id='word_1_218' title='bbox 376 3510 595 3572; x_wconf 84' lang='lat' dir='ltr'><strong>accuratius</strong></span> <span class='ocrx_word' id='word_1_219' title='bbox 620 3509 810 3572; x_wconf 90' lang='lat' dir='ltr'><strong>definiam.</strong></span> <span class='ocrx_word' id='word_1_220' title='bbox 853 3507 923 3584; x_wconf 78' lang='lat' dir='ltr'><strong>Qua</strong></span> <span class='ocrx_word' id='word_1_221' title='bbox 941 3510 974 3571; x_wconf 94' lang='lat' dir='ltr'><strong>in</strong></span> <span class='ocrx_word' id='word_1_222' title='bbox 995 3511 1180 3592; x_wconf 90' lang='lat' dir='ltr'><strong>quaestione</strong></span> <span class='ocrx_word' id='word_1_223' title='bbox 1199 3511 1293 3571; x_wconf 91' lang='lat' dir='ltr'><strong>etiam</strong></span> <span class='ocrx_word' id='word_1_224' title='bbox 1313 3510 1441 3571; x_wconf 87' lang='lat' dir='ltr'><strong>aiteram</strong></span> <span class='ocrx_word' id='word_1_225' title='bbox 1462 3507 1549 3568; x_wconf 87' lang='lat' dir='ltr'><strong>illam</strong></span> 
     </span>
     <span class='ocr_line' id='line_1_29' title="bbox 377 3613 1550 3699; baseline -0.002 -23"><span class='ocrx_word' id='word_1_226' title='bbox 377 3616 477 3698; x_wconf 89' lang='lat' dir='ltr'><strong>magis</strong></span> <span class='ocrx_word' id='word_1_227' title='bbox 507 3617 686 3699; x_wconf 88' lang='lat' dir='ltr'><strong>generalem</strong></span> <span class='ocrx_word' id='word_1_228' title='bbox 716 3616 845 3696; x_wconf 89' lang='lat' dir='ltr'><strong>solvam,</strong></span> <span class='ocrx_word' id='word_1_229' title='bbox 876 3622 982 3679; x_wconf 92' lang='lat' dir='ltr'><strong>utrum</strong></span> <span class='ocrx_word' id='word_1_230' title='bbox 1015 3617 1145 3678; x_wconf 92' lang='lat' dir='ltr'><strong>omnino</strong></span> <span class='ocrx_word' id='word_1_231' title='bbox 1176 3615 1235 3678; x_wconf 93' lang='lat' dir='ltr'><strong>sub</strong></span> <span class='ocrx_word' id='word_1_232' title='bbox 1260 3617 1405 3698; x_wconf 87' lang='lat' dir='ltr'><strong>Augusto</strong></span> <span class='ocrx_word' id='word_1_233' title='bbox 1433 3613 1550 3674; x_wconf 86' lang='lat' dir='ltr'><strong>vixerit</strong></span> 
     </span>
     <span class='ocr_line' id='line_1_30' title="bbox 377 3722 1040 3806; baseline 0 -22"><span class='ocrx_word' id='word_1_234' title='bbox 377 3727 408 3784; x_wconf 94' lang='lat' dir='ltr'><strong>et</strong></span> <span class='ocrx_word' id='word_1_235' title='bbox 430 3723 590 3806; x_wconf 87' lang='lat' dir='ltr'><strong>scripserit</strong></span> <span class='ocrx_word' id='word_1_236' title='bbox 613 3743 651 3785; x_wconf 90' lang='lat' dir='ltr'><strong>an</strong></span> <span class='ocrx_word' id='word_1_237' title='bbox 677 3722 736 3785; x_wconf 88' lang='lat' dir='ltr'><strong>sub</strong></span> <span class='ocrx_word' id='word_1_238' title='bbox 760 3724 822 3786; x_wconf 92' lang='lat' dir='ltr'><strong>alio</strong></span> <span class='ocrx_word' id='word_1_239' title='bbox 845 3724 1040 3806; x_wconf 86' lang='lat' dir='ltr'><strong>imperatore.</strong></span> 
     </span>
    </p>
   </div>
   <div class='ocr_carea' id='block_1_3' title="bbox 464 3896 810 3967">
    <p class='ocr_par' dir='ltr' id='par_1_5' title="bbox 464 3896 810 3967">
     <span class='ocr_line' id='line_1_31' title="bbox 464 3896 810 3967; baseline 0.006 -18"><span class='ocrx_word' id='word_1_240' title='bbox 464 3896 510 3967; x_wconf 82' lang='lat'><strong>28)</strong></span> <span class='ocrx_word' id='word_1_241' title='bbox 529 3897 546 3951; x_wconf 86' lang='lat' dir='ltr'><strong>l.</strong></span> <span class='ocrx_word' id='word_1_242' title='bbox 565 3896 582 3953; x_wconf 90' lang='lat' dir='ltr'><strong>l.</strong></span> <span class='ocrx_word' id='word_1_243' title='bbox 602 3914 622 3954; x_wconf 90' lang='grc'><strong>0.</strong></span> <span class='ocrx_word' id='word_1_244' title='bbox 642 3914 668 3952; x_wconf 92' lang='lat' dir='ltr'><strong>v.</strong></span> <span class='ocrx_word' id='word_1_245' title='bbox 687 3898 810 3967; x_wconf 76' lang='lat' dir='ltr'><strong>dipteros,</strong></span> 
     </span>
    </p>
   </div>
   <div class='ocr_carea' id='block_1_4' title="bbox 0 0 1854 5217">
    <p class='ocr_par' dir='ltr' id='par_1_6' title="bbox 0 0 1854 5217">
     <span class='ocr_line' id='line_1_32' title="bbox 0 0 1854 5217; baseline 0 0"><span class='ocrx_word' id='word_1_246' title='bbox 0 0 1854 5217; x_wconf 95' lang='lat' dir='ltr'><strong> </strong></span> 
     </span>
    </p>
   </div>
  </div>
 </body>
</html>
