3684 5217
838 494 1050 555 ..55-

356 674 448 735 novis
481 692 561 754 opus
594 678 660 735 erat
692 670 830 753 legibus:
874 670 929 733 illo
962 677 1102 753 tempore
1134 671 1260 733 videtur
1293 672 1424 733 vetitum
1460 689 1528 733 esse

359 780 508 860 „maiores
533 779 755 841 crassitudines
780 798 874 860 quam
895 776 1129 859 sesquipedales
1148 778 1327 858 constitui3)
1351 778 1419 840 loco
1444 797 1528 839 com-

361 889 463 947 muni‘·
488 885 842 967 (vituperarem).
880 885 947 947 lam
972 894 1039 947 tuni
1064 885 1160 965 igitur
1185 886 1390 947 mutationem
1412 883 1527 946 iactam

360 1010 425 1055 esse
449 993 677 1073 cognoscimus,
708 1010 780 1053 cum
812 1010 881 1053 area
914 991 953 1053 ab
986 991 1073 1053 urbis
1099 993 1197 1054 muris
1221 992 1344 1053 inclusa
1368 992 1531 1072 angustior

357 1107 439 1161 esset
471 1120 564 1181 quam
597 1105 633 1161 ut
658 1100 787 1160 nimiam
814 1097 1051 1160 multitudinem
1074 1098 1239 1160 ho'minum
1263 1108 1293 1161 et
1316 1099 1442 1159 aedium
1467 1099 1530 1180 pri-

357 1214 499 1267 vatarum
525 1224 635 1288 capere
659 1206 797 1287 possetfl)
844 1203 1113 1285 Ε101111001000,
1134 1224 1228 1286 quem
1245 1204 1377 1267 ambitui
1392 1205 1529 1267 duorum

356 1313 472 1395 pedum
498 1319 528 1376 et
552 1313 676 1375 dimidii
698 1313 783 1395 leges
807 1310 874 1373 XII
898 1312 1076 1374 tabularum
1103 1312 1344 1389 destinaverant,
1376 1313 1529 1393 parietem

356 1438 587 1482 communem
611 1420 758 1481 constitui
782 1418 873 1481 licuit
892 1439 975 1480 nova
995 1419 1077 1500 lege,
1103 1437 1206 1499 neque
1225 1436 1299 1480 vero
1320 1437 1356 1479 ea
1376 1418 1414 1479 de
1434 1437 1529 1480 causa

357 1526 493 1588 ambitus
517 1528 587 1589 iure
611 1546 677 1589 esse
702 1526 802 1605 desiit,
830 1526 884 1587 sed
910 1527 937 1587 is
960 1526 1058 1606 locus,
1086 1545 1150 1607 quo
1174 1528 1276 1607 paries
1300 1525 1438 1586 ambitus
1462 1526 1530 1587 vice

356 1632 586 1711 exstruebatur,
617 1635 709 1696 etiam
735 1634 843 1716 postea
866 1633 1080 1713 „coiiimunis“
1111 1632 1286 1695 habebatur
1316 1632 1415 1693 veluti
1438 1637 1530 1693 antea

357 1740 496 1803 ambitus
524 1742 628 1822 ipse.⁵)
675 1738 780 1814 Quare
813 1746 896 1803 recte
921 1739 1087 1803 Vitruvius
1119 1740 1194 1801 dicit
1226 1740 1312 1819 „loco
1340 1740 1529 1800 conrmuni.“

357 1845 425 1909 Lex
448 1849 546 1929 igitur
568 1847 621 1910 illa
645 1847 717 1909 data
741 1852 795 1927 est,
827 1852 862 1909 ut
885 1849 994 1929 spatio,
1026 1847 1111 1929 quod
1134 1850 1218 1908 intra
1242 1865 1349 1909 muros
1379 1844 1530 1907 aedificiis

356 1955 421 2035 tegi
445 1960 575 2035 poterat,
598 1962 787 2036 parceretur.
834 1949 942 2035 Atque
967 1953 1072 2035 quoad
1095 1953 1238 2015 aedificia
1259 1972 1321 2015 non
1341 1935 1412 2036 plus
1432 1971 1529 2014 unam

356 2062 625 2143 contignationem
657 2061 821 2140 habebant,
852 2060 906 2123 lex
937 2060 991 2122 illa
1020 2060 1094 2122 ferri
1118 2061 1228 2143 potuit.
1274 2059 1334 2123 Sed
1361 2061 1528 2141 postquam

356 2168 520 2249 complura
552 2169 703 2230 cenacula
737 2174 900 2231 exstruere
933 2173 1168 2230 consueverunt
1199 2166 1276 2248 (Liv.
1308 2165 1393 2229 XXI
1426 2167 1476 2245 62,
1510 2170 1529 2227 3

357 2274 453 2357 [anuo
479 2271 553 2359 218)
582 2276 620 2337 de
642 2275 742 2337 tribus
765 2274 919 2357 loquitur)
946 2273 1081 2336 Romani
1104 2282 1233 2357 propter
1255 2279 1446 2337 crescentem
1472 2293 1530 2335 nu-

357 2400 480 2442 merum
504 2383 687 2462 incolarum,
711 2400 805 2463 saepe
827 2380 984 2443 incendiis
1008 2387 1039 2443 et
1061 2382 1164 2443 ruinis
1187 2381 1343 2463 perterriti
1367 2384 1448 2458 sunt,
1474 2381 1530 2461 qui

355 2488 389 2547 in
422 2489 601 2568 „insulis“⁶l
632 2488 822 2550 habitabant.
870 2486 974 2563 Quare
1005 2507 1075 2549 cum
1106 2489 1182 2549 inde
1212 2488 1250 2549 ab
1275 2488 1373 2549 altero
1398 2487 1528 2548 dimidio

356 2595 475 2657 saeculi
499 2614 603 2657 auc.
628 2596 710 2657 sexti
734 2601 765 2656 et
787 2596 905 2657 civium
930 2601 961 2656 et
983 2595 1161 2655 insularum
1184 2612 1338 2656 numerus
1361 2593 1529 2675 compluri-

357 2700 418 2763 bus
448 2701 606 2764 cenaculis
637 2702 832 2764 sublatarum
863 2702 1032 2763 admodum
1057 2707 1217 2781 cresceret,
1248 2719 1289 2762 ex
1312 2700 1366 2762 illo
1391 2706 1530 2783 tempore

356 2809 568 2889 magistratus,
589 2810 645 2891 qui
660 2808 871 2871 aedificationi
890 2815 1064 2891 praeerant,
1082 2807 1237 2889 imprimis
1256 2808 1354 2889 igitur
1375 2806 1529 2887 consules,

357 2934 509 2990 censores,
533 2916 649 2979 aediles
673 2917 832 2979 interdum
857 2915 1063 2978 cumulatiori
1088 2916 1311 2978 cenaculorum
1335 2914 1529 2976 intercedere

446 3092 472 3158 3)
492 3091 596 3157 Nissen,
625 3090 714 3158 Pomp.
741 3090 813 3145 Stud.
840 3107 865 3157 p.
893 3090 934 3143 79.
972 3090 1098 3142 Laudesk.
1127 3108 1151 3157 p.
1179 3089 1221 3145 62.
1247 3089 1307 3143 518.
1346 3088 1465 3141 Notabile
1489 3094 1530 3141 est

358 3162 435 3215 Plinii
454 3162 672 3215 additamentum:
706 3178 772 3227 „nec
792 3161 1009 3229 intergerivorum
1029 3162 1231 3228 101100011111ι
1251 3162 1304 3230 (35,
1326 3160 1386 3229 112)
1406 3160 1438 3212 cf.
1460 3159 1528 3214 Plin.

357 3233 443 3301 1123.
464 3234 532 3286 Fest.
549 3232 708 3293 111211.
725 3234 775 3286 Ll
791 3234 866 3286 1111
884 3238 902 3285 t.
919 3235 937 3283 4
951 3236 966 3300 ᾖ
983 3234 1024 3287 1o.
1045 3233 1207 3301 (intergerivi
1224 3232 1411 3297 -00111100);
1432 3230 1528 3284 Nissen

356 3305 386 3361 P.
406 3304 442 3358 81.
461 3322 486 3371 p.
506 3304 548 3357 81.
576 3320 622 3371 „es
649 3308 716 3357 ware
742 3303 891 3366 irrationell,
918 3305 960 3357 die
979 3304 1155 3356 lnnenwande
1182 3302 1355 3372 (intergerivi)
1380 3302 1470 3355 dicher
1495 3320 1529 3354 zu

356 3375 467 3429 macheu
486 3375 524 3428 als
542 3377 584 3428 die
604 3376 815 3428 Aulenwande‘r.
854 3377 888 3428 ci.
910 3393 933 3443 p.
953 3375 996 3430 84.

445 3448 473 3513 4)
493 3448 527 3499 cf.
548 3447 626 3499 etiam
645 3447 730 3515 Voigt.
769 3448 829 3500 Ber.
846 3447 869 3498 d.
885 3447 970 3500 sache.
985 3446 1127 3499 Gesellsch.
1143 3447 1168 3498 d.
1183 3446 1262 3498 Wiss.
1284 3446 1353 3499 1874
1370 3462 1396 3512 p.
1408 3444 1458 3499 196
1471 3460 1528 3511 sqq.

446 3520 471 3584 5)
491 3517 613 3571 Karlowa
632 3519 649 3573 l.
660 3518 676 3569 l.
689 3536 712 3585 p.
724 3518 783 3572 518.
804 3518 872 3585 quod
887 3522 978 3585 postea
990 3518 1098 3585 exponit
1115 3517 1247 3584 utrique
1262 3516 1409 3570 vicinorum
1423 3514 1528 3568 licuisse

358 3590 484 3658 parietem
494 3605 662 3643 commimem
672 3589 880 3657 sesquipedalem
896 3594 1032 3643 exstruere
1042 3588 1135 3641 collato
1149 3585 1527 3655 1000910010110(100.124),

357 3660 455 3714 rectius
481 3660 546 3713 mihi
566 3660 673 3713 Reinius
698 3660 876 3716 lividatur
900 3659 1060 3713 intellexisse
1086 3660 1172 3713 locum
1198 3659 1398 3714 Cicemnianum
1421 3662 1529 3710 secutus

357 3732 499 3785 Hauboldii
525 3732 775 3799 interpretationem,
804 3748 871 3799 quae
896 3732 977 3784 etiam
1001 3731 1080 3784 rebus
1105 3733 1168 3798 ipsis
1188 3730 1384 3797 comprobatur,
1412 3735 1439 3781 et
1457 3736 1528 3781 certe

357 3805 443 3873 paries
462 3805 609 3855 eommunis
628 3820 681 3855 101
700 3806 785 3870 potest
803 3804 855 3855 nisi
874 3819 958 3856 unus
977 3820 1042 3856 esse.

446 3875 473 3943 6)
493 3876 525 3927 de
544 3875 594 3926 illis
614 3875 683 3927 enim
703 3875 870 3941 cogitandum
889 3879 937 3939 est,
961 3890 1013 3925 101
1032 3875 1064 3926 de
1083 3874 1203 3925 domibus
1223 3872 1341 3939 privatis
1367 3887 1431 3938 quas
1450 3869 1530 3923 aliter

357 3949 520 3999 constructas
540 3962 597 3999 0000
616 3962 695 4013 supra
714 3946 827 3997 vidimus
845 3962 869 4012 p.
890 3944 937 4010 oo,
962 3945 996 3997 01.
1016 3944 1046 3997 Ο.
1065 3945 1182 3999 Richter.
1202 3944 1315 3996 Hermes
1332 3942 1389 3995 XX
1409 3960 1432 4009 p.
1448 3940 1480 3994 91
1497 3957 1528 4009 00
1595 3982 1597 3986 -

358 4017 460 4141 ,1101ἒὲ
486 4019 531 4070 das
549 4017 821 4156 Zeindzeanstehenp}
841 4016 914 4137 htlaus
938 4017 992 4138 lnlrilt
1007 4017 1079 4139 Epam
1105 4012 1527 4137 000001ἒί110ὴώῘ1011000011010110001

357 4104 529 4149 am1s;z.
570 4104 641 4141 ,00
687 4104 771 4140 errius
822 4103 869 4140 es.
891 4105 915 4155 p.
1012 4097 1148 4153 lpse
1201 4102 1215 4137 0
1279 4102 1293 4137 0
1341 4101 1458 4139 enimn
1498 4101 1529 4135 01

356 4160 443 4213 insula
460 4161 506 4213 aul
524 4161 575 4213 den
594 4160 676 4212 vicus.
704 4160 800 4211 Vitiuv
818 4164 885 4212 setzt
903 4158 990 4209 insula
1008 4175 1033 4213 1,
1054 4158 1127 4210 vicus
1145 4156 1405 4223 gleichbedeutend.“
1440 4153 1528 4208 attilio

357 4233 389 4285 de
404 4232 505 4284 Marchi
524 4231 669 4297 „Ricerche
686 4230 790 4283 intorno
809 4228 858 4282 alle
877 4228 999 4294 11101100ι
1019 4246 1033 4281 0
1053 4244 1111 4281 case
1130 4227 1528 4295 00101010111110111111101ιι

358 4301 436 4356 1891.
456 4319 480 4370 p.
500 4302 532 4354 21
553 4304 586 4355 cf.
606 4301 719 4356 Hiilsen.
739 4302 813 4358 Ram.
832 4301 899 4354 Mitt.
921 4299 989 4353 1892
1009 4299 1106 4367 VHp.
1125 4297 1177 4351 219
1196 4314 1252 4365 sqq.

1510 4405 1528 4457 5
