3684 5217
804 487 1015 548 ...61-

321 662 406 726 diese
429 663 524 725 keine
548 664 626 726 iiber
649 665 690 725 80
710 662 806 726 Jahre
830 663 998 725 reichende
1017 661 1126 727 Dauer
1148 664 1250 727 haben
1275 664 1410 726 konnen.
1449 662 1498 725 Ita

321 772 417 851 igitur
450 771 478 831 si
511 770 655 852 legimus
688 790 706 831 a
740 771 930 851 „seutentia“
963 770 1080 852 pendet
1111 771 1290 834 infinitivus
1313 770 1447 852 „reddit
1480 789 1499 831 a

319 878 564 958 „pronuntiant‘
588 878 746 958 „duraret
771 883 866 959 atque
885 878 1043 959 „partem“
1063 880 1178 961 optime
1198 857 1316 940 dicitur
1333 879 1380 940 rei
1398 877 1499 959 ipsius

321 1002 423 1063 causa,
457 985 533 1066 quia
563 1003 627 1046 non
653 990 718 1046 tota
742 1003 873 1065 summa
905 1004 988 1067 quae
1013 985 1136 1068 reliqua
1159 992 1215 1064 est,
1244 985 1299 1048 sed
1329 1004 1403 1067 pars
1432 983 1500 1047 sola

320 1091 390 1153 eius
419 1092 528 1153 vicino
558 1090 661 1153 danda
690 1096 744 1154 est.
791 1089 904 1173 Neque
935 1094 968 1153 in
992 1093 1161 1154 verborum
1189 1111 1316 1155 conexu
1345 1110 1425 1174 opus
1454 1095 1500 1153 est

318 1196 482 1260 offendere
506 1197 589 1279 apud
615 1197 808 1278 Vitruvium,
836 1199 953 1280 quippe
978 1199 1034 1281 qui
1056 1200 1212 1261 sermonis
1236 1198 1377 1281 vulgaris
1401 1198 1500 1279 scrip-

321 1310 371 1365 tor
393 1305 444 1366 sit.
492 1302 544 1366 Sic
566 1305 664 1387 igitur
687 1324 732 1385 ea,
757 1324 841 1387 qnae
864 1303 1032 1367 Vitruvius
1051 1306 1156 1368 dicere
1179 1305 1256 1384 vult,
1279 1306 1382 1387 magis
1407 1305 1501 1367 etiam

318 1410 463 1473 dilucida
487 1417 587 1473 erunt.
635 1410 729 1475 Recte
752 1412 845 1473 etiarn
866 1412 969 1492 habet,
993 1412 1080 1494 quod
1099 1413 1138 1475 de
1162 1412 1324 1492 „arbitris‘
1347 1411 1499 1494 loquitur,

316 1538 392 1580 cum
426 1517 504 1580 alias
535 1538 618 1581 unus
648 1524 772 1581 tantum
803 1518 920 1581 arbiter
951 1520 1100 1582 constitui
1129 1520 1234 1582 soleat.
1281 1517 1407 1581 Etenim
1436 1520 1499 1582 iam

316 1626 501 1707 antiquitus
543 1626 659 1687 actioni
696 1625 810 1687 finium
847 1626 1063 1707 regundorum
1102 1632 1164 1688 tres
1201 1625 1311 1688 arbitri
1349 1627 1500 1688 constitui

316 1730 540 1812 solebant197)
564 1738 659 1814 atque
683 1732 786 1794 simile
811 1732 887 1814 quid
913 1739 1051 1795 statuere
1073 1732 1181 1796 licebit
1205 1734 1240 1794 in
1264 1733 1322 1795 hac
1345 1752 1390 1814 ra.
1418 1752 1500 1815 quae

318 1847 351 1900 et
375 1840 446 1921 ipsa
470 1839 704 1921 quodammodo
730 1839 767 1901 ad
792 1838 871 1901 fines
895 1839 1081 1922 pertinebat

412 1944 462 2008 De
486 1947 504 2027 ξ
530 1947 635 2009 9-17
661 1944 691 2008 N
697 1948 911 2025 issenus¹⁹⁸t
935 1948 978 2008 ita
1003 1947 1133 2010 iudicat:
1159 1945 1219 2008 Die
1238 1948 1331 2028 lange
1349 1945 1500 2026 Lobrede,

321 2052 374 2115 die
399 2052 515 2114 Vitruv
540 2053 572 2115 ΙΙ
597 2055 625 2133 8,
651 2054 757 2115 9-17
784 2054 854 2115 dem
879 2053 948 2115 Bau
973 2055 1031 2116 mit
1053 2052 1251 2137 Luitziegeln
1276 2054 1351 2132 halt,
1383 2057 1424 2115 ist
1447 2054 1498 2116 ein

321 2158 410 2221 Echo
442 2180 501 2222 aus
531 2160 750 2243 griechischen
776 2157 926 2234 Quellen:
960 2160 1177 2243 merkwiirdig
1200 2161 1345 2243 zugleich
1374 2162 1427 2222 fiir
1450 2160 1501 2223 die

323 2266 502 2329 sklavisohe
526 2267 764 2349 Abhangigkeit
794 2266 849 2329 des
875 2266 1008 2329 Mannes
1038 2288 1102 2330 von
1132 2268 1239 2330 seinen
1269 2265 1404 2342 Quellen
1434 2267 1499 2329 und

321 2374 374 2435 fiir
405 2374 456 2436 die
482 2373 744 2437 Beschratnktheit
774 2376 878 2436 seinos
903 2374 1018 2454 Bliclrs,
1050 2393 1143 2437 wenn
1167 2394 1243 2436 man
1266 2374 1412 2453 bedenkt
1441 2373 1500 2435 dass

322 2500 443 2544 er
469 2482 520 2544 die
551 2488 655 2544 ersten
679 2480 904 2563 Schiipiungen
938 2482 993 2544 des
1017 2481 1286 2544 Backsteinbaues
1317 2480 1418 2543 erlebt
1441 2482 1501 2543 hat

322 2588 415 2663 Quae
443 2588 481 2650 de
509 2588 652 2651 fontibus
681 2588 809 2650 Graecis
843 2587 927 2668 dicit
961 2589 1070 2670 procul
1105 2588 1201 2650 dubio
1233 2594 1385 2671 poterunt
1418 2608 1502 2650 oom-

321 2695 465 2779 probari3
497 2715 569 2757 nam
594 2701 625 2758 et
648 2696 702 2757 illa
728 2694 854 2758 Graecis
883 2695 1066 2757 auctoribus
1095 2695 1202 2757 deberi
1227 2694 1430 2757 manifestum
1456 2701 1503 2757 est

323 2812 356 2865 et
381 2821 427 2881 ea,
453 2821 535 2884 quae
554 2810 647 2865 antea
666 2804 684 2883 ξ
706 2804 791 2865 5-8
817 2804 973 2884 exposuit,
998 2804 1140 2884 exceptis
1159 2802 1213 2882 eis,
1238 2820 1319 2883 quae
1344 2801 1503 2865 derebus

323 2908 476 2973 Romanis
507 2910 629 2972 addidit
658 2909 696 2971 de
720 2928 777 2971 suo
802 2911 842 2991 (p.
867 2911 918 2990 48,
944 2911 1068 2986 8-14;
1099 2912 1140 2970 22
1165 2928 1217 2991 sq3
1246 2928 1275 2990 p.
1299 2909 1351 2988 49,
1378 2910 1417 2971 13
1442 2911 1503 2991 sq).

325 3014 442 3078 Contra
472 3018 583 3078 ultima
608 3015 738 3079 Nisseni
769 3016 865 3078 verba
896 3015 1061 3099 paululum
1094 3016 1279 3097 corrigenda
1310 3034 1381 3078 esse
1411 3035 1502 3098 spero

324 3123 393 3185 fore
416 3129 452 3185 ut
476 3124 534 3185 hac
558 3123 776 3187 dissertatione
800 3129 954 3205 appareat.

415 3228 563 3292 Dubitari
595 3249 661 3292 non
693 3235 804 3312 potest,
846 3231 924 3312 quin
959 3228 1130 3291 Vitruvius
1167 3229 1195 3291 h.
1228 3230 1247 3291 l.
1281 3229 1433 3312 loquatur
1464 3229 1503 3291 de

327 3334 769 3415 latericiis'structuris
802 3356 865 3398 non
899 3336 938 3399 de
970 3338 1130 3412 testaceis3
1171 3337 1267 3418 igitur
1299 3341 1504 3398 monumenta

327 3463 457 3527 quoque
487 3444 550 3525 illa,
580 3463 661 3526 quae
692 3443 790 3523 affert,
812 3462 838 3505 e
869 3442 1021 3505 lateribus
1043 3443 1128 3505 iacta
1151 3448 1247 3521 erant
1278 3450 1374 3525 atque
1398 3444 1502 3522 miror,

328 3552 413 3632 quod
431 3550 580 3613 nunnulli
598 3552 658 3612 viri
676 3552 760 3612 docti
777 3569 850 3613 aum
865 3550 893 3611 h.
905 3551 924 3611 l.
935 3549 1014 3611 falso
1031 3550 1324 3628 intellexerunt.¹⁹⁹)
1348 3549 1504 3630 Exempla

327 3676 404 3719 vero
429 3655 620 3719 Vitruviana
645 3657 807 3720 Graeciam
833 3658 883 3719 vel
908 3658 1018 3719 Asiam
1051 3658 1205 3717 minorem
1230 3660 1374 3737 spectant
1399 3673 1503 3737 neque

328 3766 586 3847 interpretatione
609 3770 702 3846 egent
725 3765 752 3826 h.
771 3764 791 3826 l.
809 3770 935 3846 praeter
957 3782 1058 3825 unum
1083 3761 1272 3823 Romanum.
1310 3761 1395 3824 Dicit
1418 3762 1503 3823 enim

330 3872 521 3953 (p.49‚8sq)
545 3873 595 3952 „in
619 3871 710 3933 ltalia
730 3874 856 3935 Arretio
881 3876 1043 3933 vetustum
1067 3869 1191 3951 egregie
1214 3867 1332 3929 factum
1356 3868 1504 3930 murum“

420 4011 481 4080 197)
500 4010 554 4065 Cic.
574 4012 606 4063 de
625 4010 691 4080 legg.
711 4011 724 4064 I
745 4013 786 4064 55.
824 4008 1021 4063 Keller-Wach.
1040 4010 1116 4061 Rom.
1130 4006 1293 4075 Zirilprozess
1311 4025 1336 4075 p.
1349 4008 1391 4060 34.
1405 4024 1431 4058 n.
1444 4007 1525 4064 107..

329 4081 466 4135 Leonhard
485 4083 513 4135 in
531 4083 676 4135 Wissowae
695 4082 779 4135 lexico
798 4081 812 4135 1
830 4082 878 4137 col.
899 4080 951 4135 689
970 4096 1019 4149 sqq
1038 4095 1058 4136 s,
1078 4096 1102 4132 v.
1122 4079 1276 4132 aestimatio.

419 4154 480 4222 198)
501 4154 591 4221 Pomp.
612 4154 685 4207 Stud.
705 4171 730 4221 p.
750 4153 793 4207 25.

420 4224 481 4294 199)
501 4226 582 4279 Recte
600 4224 716 4277 iudicant
734 4225 894 4277 Bliimnerus
913 4222 930 4279 1.
950 4222 967 4278 i.
987 4222 1057 4290 Hp.
1077 4222 1094 4275 9
1113 4240 1138 4273 n.
1158 4221 1182 4272 4.
1221 4221 1394 4289 Dogeringius
1415 4239 1440 4289 p.
1461 4223 1504 4274 34.

330 4294 460 4349 Nissenus
479 4297 570 4365 Pomp.
590 4295 664 4350 Stud.
685 4313 710 4364 p.
729 4295 772 4349 25.
