3684 5217
838 485 1045 547 -25-

354 666 443 745 serit
472 669 534 726 tam
560 667 706 725 accurate
736 661 959 742 definiendum,
991 681 1087 745 quam
1117 667 1225 724 nostra
1252 661 1284 723 id
1313 659 1529 724 circumscribi

353 774 492 835 interest.

442 876 504 939 His
528 876 713 959 praemissis
737 876 775 938 ad
798 876 878 939 hanc
902 877 1098 959 quaestionis
1125 883 1250 938 nostrae
1278 881 1399 959 partem
1428 872 1531 937 absol-

349 984 490 1048 vendam
516 984 605 1046 adire
629 982 710 1046 licet.

796 1232 909 1317 Caput
932 1231 1095 1299 tertium.

345 1356 558 1454 11919119
583 1354 801 1475 ambiguis,
827 1346 932 1477 qnae
958 1362 1055 1453 ante
1078 1386 1114 1450 a.
1134 1352 1183 1451 31
1204 1353 1273 1459 sio,
1294 1361 1340 1448 nt
1358 1353 1529 1448 traditas

519 1529 591 1595 eas
626 1496 814 1618 legimns,
848 1496 1024 1618 scriptae
1057 1528 1150 1593 osso
1184 1506 1368 1617 possunt.

823 1710 914 1775 Pars
937 1713 1064 1796 prima.

711 1838 777 1901 De
800 1838 988 1901 aedibus
1012 1839 1169 1901 9119119.

438 1980 538 2043 Libro
567 1979 683 2041 tertio
708 1978 877 2043 Vitruvius
907 1981 972 2062 agit
996 1980 1035 2043 de
1057 1980 1183 2043 aedium
1208 1998 1368 2042 sacrarum
1391 1996 1529 2061 genere

343 2096 377 2152 91
397 2089 533 2172 specie
553 2092 584 2149 et
603 2085 643 2149 de
661 2086 821 2163 ordine¹t
840 2086 958 2169 ionico,
977 2087 1057 2151 libro
1078 2094 1215 2169 quarto
1235 2087 1274 2151 de
1293 2086 1404 2149 ordine
1414 2084 1529 2149 Dorico

345 2204 378 2260 91
398 2194 577 2273 Corinthio,
600 2198 759 2277 praeterea
784 2194 815 2255 in
837 2199 972 2277 utroquo
995 2194 1034 2257 de
1058 2193 1153 2257 rebus
1178 2195 1319 2256 omnium
1340 2193 1529 2276 templorum

349 2303 502 2386 propriis,
520 2301 609 2363 velut
628 2300 667 2364 de
685 2300 891 2364 fundamento
910 2300 1021 2382 (1114),
1041 2301 1080 2364 de
1098 2302 1284 2365 interiorum
1301 2299 1531 2379 distributione,

349 2410 449 2489 cultu,
474 2414 588 2471 ornatu
612 2406 669 2488 (IV
694 2412 714 2469 4
738 2408 819 2489 sqqt.
866 2406 930 2470 Ubi
954 2409 1013 2470 hoc
1036 2407 1350 2470 animadvertendum
1374 2415 1420 2470 est
1443 2426 1525 2487 eum,

356 2534 548 2599 quamquam
582 2514 689 2576 omnia
720 2514 793 2595 fere,
830 2532 911 2596 quae
939 2515 973 2576 in
1002 2517 1187 2579 universum
1221 2515 1361 2597 exponit,
1397 2513 1526 2577 Graecis

361 2620 451 2683 debet
479 2620 635 2699 fontibus,
668 2628 771 2683 tamen
805 2622 881 2685 baec
914 2641 979 2684 nou
1011 2622 1171 2685 illustrare
1204 2621 1359 2703 exemplis
1393 2620 1529 2701 Graecia,

358 2727 413 2791 sed
436 2729 588 2811 imprimis
611 2726 779 2806 Romanis3
809 2729 989 2810 quindecim
1014 2729 1099 2791 enim
1127 2728 1216 2792 affert
1240 2727 1356 2810 templa
1378 2726 1529 2806 Romana,

355 2836 414 2899 tria
438 2837 552 2915 Attica,
586 2841 745 2918 quattuor,
778 2854 859 2917 quae
890 2836 940 2899 191
970 2837 1002 2897 in
1028 2837 1123 2899 Asiae
1155 2836 1287 2897 minoris
1311 2835 1359 2898 191
1383 2835 1417 2896 11
1441 2836 1530 2898 insu·

351 2943 456 3006 larum
482 2932 676 3006 Graecarum
708 2941 842 3006 urbibus
873 2943 1047 3005 exstabant.
1101 2941 1192 3017 Quod
1216 2943 1427 3005 certissimum
1452 2943 1530 3005 mihi

351 3050 576 3113 videturesse
606 3056 829 3132 argumentum
861 3068 933 3113 eum
966 3050 1139 3132 exempla
1168 3069 1235 3113 sua
1257 3048 1425 3113 Romana
1456 3070 1528 3115 non

349 3159 437 3239 ipsa
468 3156 828 3239 quoquefontibus
858 3158 938 3220 suis
968 3156 1117 3238 debere,
1149 3157 1202 3220 sed
1230 3158 1335 3240 ipsum
1360 3158 1528 3239 addidisse,

348 3270 520 3347 postquam
545 3264 612 3345 ipse
636 3282 673 3326 ea
691 3264 832 3346 inspexit
855 3274 884 3327 91
907 3265 1061 3326 rationem
1081 3283 1190 3327 eorum
1210 3284 1282 3328 cum
1301 3266 1436 3328 fontium
1455 3284 1530 3327 auc-

352 3372 482 3434 toritate
500 3371 702 3453 comparavit.
741 3369 831 3445 Quod
852 3372 1042 3434 architectus
1060 3371 1148 3435 solus
1171 3373 1273 3435 facere
1296 3374 1407 3455 potuit,
1431 3391 1529 3455 quare

351 3496 396 3539 119
424 3477 464 3539 de
488 3475 662 3561 Varronei)
694 3478 821 3560 quidem
849 3487 975 3541 auctore
999 3477 1140 3541 Vitruvii
1171 3480 1299 3562 cogitari
1334 3486 1442 3561 potest,
1472 3479 1528 3560 qui

348 3584 457 3647 fontes
486 3584 638 3665 quosdam
663 3584 800 3648 Graecos
833 3585 1012 3649 exscribere
1044 3587 1155 3669 potuit,
1185 3605 1249 3649 non
1279 3588 1381 3669 potuit
1411 3586 1450 3647 de
1480 3586 1529 3647 his

350 3690 450 3753 rebus
472 3691 516 3753 ita
539 3691 689 3771 iudicare,
714 3699 748 3754 ut
771 3692 844 3755 facit
867 3692 1044 3757 Vitruvius,

445 3795 570 3860 Deinde
599 3816 676 3861 vero
706 3799 765 3861 hoc
796 3798 967 3862 admodum
1000 3805 1047 3863 est
1079 3799 1218 3863 notabile
1250 3798 1432 3861 Vitruvium
1463 3806 1529 3860 tam

350 3922 457 3987 pauca
480 3922 656 3969 memorare
679 3906 797 3988 templa
826 3906 857 3968 in
887 3907 956 3989 ipsa
980 3905 1111 3971 Graecia
1139 3907 1304 3984 exstantia,
1334 3923 1527 3987 quamquam

446 4080 472 4147 1)
490 4078 525 4134 cf.
544 4079 660 4148 Semper.
698 4081 753 4134 Der
770 4079 857 4135 Stil².
878 4121 883 4133 .
905 4125 911 4136 .
931 4079 967 4147 ΙΙ,
986 4098 1011 4148 p.
1030 4080 1110 4135 425¹.

444 4148 471 4218 2)
490 4154 574 4219 capite
600 4152 670 4205 anim
693 4153 786 4220 primo,
812 4167 878 4219 quae
903 4152 936 4205 de
966 4152 1175 4220 proportionibus
1203 4154 1230 4203 91
1262 4151 1392 4204 mensuris
1421 4153 1531 4219 exponit

350 4220 500 4289 Vitruviae,
520 4222 646 4289 Polycleti
666 4223 770 4277 videtur
788 4240 846 4277 9999
864 4223 982 4276 doctrina
1000 4240 1016 4277 a
1035 4224 1152 4276 Varrone
1176 4223 1200 4274 ei
1218 4220 1337 4289 praebita
1355 4222 1390 4277 ci.
1409 4223 1526 4292 Urlicbs‚

351 4282 430 4344 Uber
446 4293 544 4361 griech.
563 4294 786 4348 Kunstscbriftst:
813 4294 965 4362 Wiirzbnrg
985 4294 1061 4349 1887.
1098 4310 1123 4360 p.
1144 4294 1175 4344 11
1195 4308 1234 4360 sq.
