3684 5217
793 557 1007 619 ..12-

310 732 544 816 philosophicis,
569 752 648 815 quas
672 734 705 795 in
728 732 790 795 11111
813 752 927 815 magna
950 752 1023 795 cum
1046 732 1238 815 loquacitate
1261 743 1292 796 et
1309 734 1486 816 praeceptis

313 838 487 902 moralibus
514 844 642 903 ornatas
669 840 794 921 profert.
842 838 912 903 Etsi
940 858 1015 902 vero
1043 840 1223 903 testimonia
1250 840 1304 902 illa
1331 839 1370 902 de
1397 858 1431 903 se
1455 846 1486 903 et

313 945 403 1009 libris
436 947 503 1009 suis
535 946 693 1009 interdum
728 946 901 1008 narrationi
931 946 1105 1009 rhetoricae
1135 948 1282 1036 intexuit,
1311 948 1418 1010 tamen
1449 965 1487 1009 ea

312 1052 409 1115 rebus
433 1053 509 1134 ipsis
533 1072 596 1115 non
622 1054 799 1133 convenire,
829 1052 883 1115 sed
913 1054 983 1135 ipsa
1010 1053 1186 1116 secundum
1207 1053 1372 1117 rhetorum
1396 1072 1486 1137 prae-

311 1164 404 1242 cepta
427 1158 622 1221 conformata
647 1178 715 1222 esse
738 1159 790 1221 vel
812 1159 969 1222 rhetorico
992 1160 1072 1222 fonti
1090 1159 1199 1223 deberi
1220 1179 1285 1222 non
1303 1162 1392 1242 prius
1413 1179 1486 1243 pro·

314 1266 417 1328 babile
437 1266 559 1346 ducam,
585 1284 680 1348 quam
701 1266 795 1329 certis
818 1266 1016 1346 argumentis
1035 1285 1052 1328 e
1075 1285 1109 1329 re
1128 1268 1198 1350 ipsa
1215 1266 1267 1330 111
1286 1268 1486 1330 extrinsecus

313 1373 421 1454 petitis
444 1373 692 1437 demonstratum
717 1373 784 1435 erit.
830 1371 932 1435 Immo
951 1372 1071 1435 nullam
1091 1373 1246 1437 habemus
1270 1393 1406 1454 causam,
1429 1394 1487 1437 cur

312 1498 379 1541 non
397 1480 586 1542 testimoniis
603 1478 666 1542 11111
687 1488 720 1542 ut
739 1480 879 1542 maxime
897 1478 1021 1542 idoneis
1040 1479 1078 1540 ad
1097 1480 1196 1566 vitam
1215 1480 1285 1543 eius
1304 1485 1335 1542 et
1353 1484 1486 1563 tempus,

312 1604 378 1667 quo
401 1586 571 1668 scripserit,
600 1586 818 1668 cognoscenda
848 1591 985 1649 utamur.
1038 1584 1184 1649 Primum
1213 1587 1313 1670 igitur
1341 1596 1487 1650 accurata

312 1711 425 1755 eorum
449 1694 708 1775 interpretatione
732 1712 812 1776 opus
836 1700 889 1755 est.

405 1819 512 1899 Atque
535 1818 691 1900 imprimis
719 1816 909 1900 praefatio
935 1816 1025 1879 libri
1049 1818 1173 1900 primi,
1202 1838 1266 1900 qua
1289 1837 1369 1901 opus
1393 1838 1486 1882 suuni

315 1926 463 2006 Augusto
487 1924 632 1987 inscribit
655 1929 685 1987 et
712 1924 920 2005 commendat,
947 1924 1040 1986 nobis
1067 1925 1305 2007 interpretanda
1332 1930 1385 1987 est.
1436 1925 1488 1987 Er

313 2030 369 2092 illa
388 2032 482 2110 enim,
501 2031 641 2111 sicunde,
658 2038 777 2094 certum
798 2032 1013 2094 testimonium
1034 2049 1147 2112 capere
1165 2050 1225 2095 nos
1243 2051 1336 2113 posse
1354 2031 1488 2112 confido,

316 2143 359 2219 ut,
380 2138 506 2219 quando
517 2136 685 2201 Vitruvius
703 2137 801 2200 libros
821 2138 858 2201 de
878 2139 1089 2200 architectura
1107 2139 1337 2219 conscripserit,
1356 2157 1493 2219 cognose

312 2263 431 2326 camus,
463 2245 635 2307 dummodo
666 2246 827 2327 contingat
857 2244 959 2326 nobie,
983 2252 1019 2307 ut
1041 2249 1173 2326 tempus,
1206 2245 1291 2325 quod
1321 2242 1486 2324 significat,

312 2352 618 2415 circumscribamus.
665 2351 727 2414 Sed
750 2352 918 2415 audiamus
941 2352 1053 2433 ipsum.

404 2474 501 2557 „Cum
522 2476 629 2538 divina
648 2482 702 2539 tua
722 2494 811 2539 mens
830 2481 861 2539 et
879 2494 1007 2556 numen,
1026 2470 1195 2558 imperator
1214 2472 1486 2555 Cacsar,i1nperio

315 2584 471 2666 potiretur
485 2583 570 2646 orbis
585 2590 741 2647 terrarum
757 2585 939 2666 invictaque
954 2584 1072 2646 virtute
1083 2583 1206 2645 cunctis
1219 2581 1361 2644 hostibus
1373 2581 1487 2661 stratis,
1544 2650 1547 2656 ,

314 2691 506 2773 triumpho
531 2692 770 2773 victoriaque
788 2696 844 2753 tua
863 2694 949 2753 cives
968 2689 1182 2771 gloriarentur
1200 2695 1231 2751 ct
1249 2694 1359 2770 gentes
1378 2706 1488 2750 omnes

314 2798 466 2860 subactae
500 2804 590 2860 tuum
623 2801 799 2879 spectarent
826 2802 942 2859 nutum
970 2797 1170 2879 populusque
1195 2794 1357 2858 Romanus
1384 2800 1415 2857 et
1442 2814 1490 2856 se·

318 2906 410 2966 natus
428 2903 580 2966 liberatus
600 2905 713 2966 timore
730 2904 933 2987 amplissimis
947 2904 1010 2967 tuis
1024 2901 1271 2985 cogitationibus
1285 2900 1490 2983 consiliisque

313 3010 556 3091 gubernaretur,
579 3030 644 3073 non
667 3009 831 3093 audebam,
856 3012 952 3074 tantis
976 3009 1245 3093 occupationibus,
1275 3009 1314 3071 de
1338 3008 1490 3071 architec-

318 3125 389 3178 tura
414 3118 556 3199 scripta
580 3119 617 3179 et
639 3119 786 3199 magnis
814 3115 1117 3199 cogitationibus
1144 3114 1336 3198 explicata
1365 3114 1488 3196 edere,

319 3229 462 3285 metuens
493 3242 533 3285 ne
563 3243 629 3286 non
660 3232 731 3307 apto
763 3233 904 3306 tempore
927 3223 1132 3305 interpellans
1156 3222 1297 3286 subirem
1320 3223 1367 3284 tui
1392 3222 1490 3284 animi

315 3330 553 3393 offensionem.“
589 3327 694 3393 Dictio
714 3350 810 3411 quam
830 3332 870 3394 sit
888 3331 1052 3411 rhetorica,
1073 3330 1360 3411 neminem-fugere
1379 3333 1489 3411 potest,

317 3455 423 3519 neque
447 3436 552 3517 verba,
581 3436 698 3519 quibus
722 3439 830 3518 utitur,
854 3440 950 3501 nimis
974 3436 1145 3520 premenda
1169 3440 1259 3513 sunt3
1290 3453 1389 3517 quare
1417 3454 1489 3498 cum

316 3546 540 3627 imperatorem
559 3543 738 3626 alloquatur
756 3544 883 3625 „divina
897 3550 953 3607 tua
971 3564 1060 3606 meus
1079 3554 1110 3606 et
1121 3542 1267 3622 numen“,
1288 3559 1330 3604 ex
1348 3542 1397 3604 his
1415 3541 1490 3605 solis

318 3651 425 3714 verbis
444 3652 576 3713 minime
595 3650 744 3733 colligere
762 3650 836 3713 licet
847 3654 993 3733 Augusto
1012 3656 1079 3713 tum
1099 3650 1224 3711 divinos
1244 3648 1379 3711 honores
1396 3648 1491 3730 largi-

321 3764 369 3821 tos
388 3777 458 3821 1111
477 3757 636 3821 Romanos
655 3776 761 3839 neque
777 3758 961 3820 Vitruvium
982 3756 1061 3819 haec
1079 3755 1218 3819 scribere
1237 3756 1385 3839 potuisse,
1405 3761 1492 3818 ante-

317 3886 415 3948 quam
444 3866 559 3948 genius
589 3863 639 3929 vel
668 3883 789 3927 numen
813 3865 953 3947 Augusti
980 3866 1064 3926 inter
1087 3863 1163 3926 deos
1192 3862 1317 3946 publice
1346 3862 1492 3926 adoratos

318 3978 481 4055 receptum
506 3975 592 4049 1111)
621 3970 683 4035 Sed
707 3989 766 4052 111,
791 3990 870 4053 quas
894 3969 1064 4034 verborum
1090 3970 1227 4052 quodam
1247 3976 1372 4032 tumore
1395 3969 1492 4051 signi-

318 4078 399 4160 ficat,
430 4078 546 4143 dubiae
577 4098 646 4143 esse
675 4080 731 4141 vix
762 4084 901 4162 possunt.
955 4078 1082 4142 Etenim
1114 4079 1220 4140 omnia
1249 4094 1331 4158 quae
1362 4075 1439 4139 dicit
1465 4075 1493 4138 si

407 4289 435 4359 2)
455 4291 518 4345 Hor.
534 4290 609 4357 epist.
623 4290 651 4344 11
670 4291 723 4358 1,1
740 4306 797 4359 sqq,
816 4290 857 4345 15.
873 4306 935 4343 cum
948 4289 1008 4343 adn.
1023 4288 1181 4357 Kiessiingii.
1200 4288 1359 4341 Mommsen:
1378 4285 1492 4338 Hermes

319 4360 372 4416 XV
390 4378 416 4430 p.
438 4361 496 4416 109.
534 4362 609 4415 R'onr.
629 4362 736 4417 Staatsr.
755 4362 790 4415 2³
808 4378 832 4431 p.
854 4360 943 4429 75617.
981 4359 1107 4415 Cetemm
1125 4360 1160 4416 ci.
1180 4376 1205 4427 p.
1226 4362 1240 4412 t
1261 4374 1323 4411 cum
1340 4372 1366 4410 n.
1386 4355 1428 4409 22.
