3684 5217
790 560 1003 621 ..14-

307 735 417 798 omnia
441 736 505 798 siut
524 734 634 799 eadem
653 740 748 818 atque
767 755 813 817 ea,
837 755 917 818 quae
938 756 995 799 uos
1015 738 1156 819 legimus,
1177 736 1238 799 alia
1257 744 1306 800 est
1325 738 1482 819 quaesti0;

307 842 425 907 deinde
449 847 570 905 constat
592 862 665 905 eum
695 843 771 905 haec
801 862 863 905 non
893 845 999 906 statim
1029 844 1172 925 edidisse,
1201 850 1412 925 „metuentem
1443 864 1483 907 ne

310 968 374 1011 non
395 954 467 1032 apto
486 954 626 1032 tempore
644 949 849 1032 interpellans
867 950 987 1013 subiret
1005 951 1103 1012 animi
1121 951 1320 1033 imperatoris
1339 950 1483 1014 offensio·

309 1057 402 1118 nem“
427 1056 596 1119 editionem
619 1057 717 1138 igitur
738 1058 809 1139 post
832 1075 970 1139 pugnam
994 1057 1156 1119 Actiacam
1178 1058 1291 1119 iactam
1316 1076 1392 1120 esse.

400 1161 508 1244 Pergit
531 1160 713 1225 Vitruvius:
738 1182 828 1243 „cum
853 1181 928 1225 vero
957 1163 1150 1227 attenderem
1174 1168 1206 1227 te
1229 1184 1294 1228 non
1316 1164 1421 1226 solum
1445 1164 1484 1227 de

311 1271 376 1331 vita
408 1270 570 1331 communi
601 1270 742 1333 omnium
779 1254 988 1351 publicaeque
1022 1270 1069 1331 rei
1103 1271 1329 1333 constitutione
1359 1270 1482 1350 habere,

306 1375 365 1439 sed
390 1377 483 1439 etiam
508 1376 547 1438 de
571 1377 804 1459 opportunitate
831 1375 1032 1458 publicorum
1056 1375 1282 1456 aedificiorum,
1312 1383 1348 1439 ut
1371 1378 1482 1439 civitas

308 1501 367 1566 per
381 1489 412 1545 te
426 1502 488 1545 non
505 1482 607 1545 solum
623 1483 795 1565 provinciis
814 1487 898 1545 esset
916 1491 1016 1563 aucta,
1031 1501 1142 1545 verum
1162 1484 1266 1564 etiam,
1281 1491 1317 1546 ut
1335 1485 1482 1547 maiestas

309 1590 435 1673 imperii
466 1589 665 1672 publicorum
696 1588 910 1653 aedificiorum
944 1590 1086 1671 egregias
1115 1590 1243 1653 haberet
1273 1592 1483 1672 auctoritates,

310 1716 373 1759 non
399 1698 509 1779 putavi
532 1696 854 1779 praetermittendum,
885 1698 962 1778 quin
994 1697 1096 1778 primo
1128 1716 1256 1780 quoque
1280 1703 1420 1780 tempore
1444 1698 1483 1762 de

310 1804 359 1867 his
382 1802 478 1867 rebus
501 1822 538 1866 ea
561 1803 619 1864 tibi
647 1802 799 1866 ederem.“
849 1802 944 1867 Nunc
972 1804 1071 1886 igitur
1098 1804 1138 1866 de
1166 1811 1306 1887 tempore
1335 1804 1482 1869 editionis

309 1910 463 1972 librorum
495 1910 663 1987 docemur3
693 1910 801 1973 laudat
824 1908 991 1973 'Vitruvius
1021 1930 1130 1973 curam
1161 1917 1192 1975 et
1221 1931 1356 1994 operam,
1387 1932 1482 1996 quam

311 2019 477 2098 Augustus
500 2015 691 2099 impenderit
712 2017 747 2079 in
771 2018 896 2099 egregia
926 2015 1067 2079 aedificia
1092 2017 1180 2079 urbis
1204 2020 1364 2081 ornandae
1388 2038 1482 2083 causa

306 2121 510 2204 exstruenda,
542 2142 624 2205 quae
654 2124 847 2186 maiestatem
877 2124 1003 2206 imperii
1034 2123 1286 2188 demonstrarent
1316 2125 1365 2205 (cf.
1396 2124 1482 2189 Suet.

310 2232 392 2313 Aug.
418 2232 489 2308 29t3
523 2230 607 2313 quod
638 2230 853 2313 provinciis
883 2231 1080 2313 imperium
1114 2238 1263 2293 auctum
1292 2249 1374 2293 esse
1397 2230 1481 2311 dicit,

306 2339 447 2419 cogitare
490 2337 597 2400 licebit
637 2337 793 2420 imprimis
836 2338 874 2400 de
913 2339 1089 2420 Aegypto
1130 2341 1223 2412 (anno
1255 2357 1281 2398 a.
1315 2335 1384 2399 Chr.
1419 2338 1479 2416 30).

310 2443 453 2506 Moesia
492 2444 570 2525 (29),
611 2442 735 2527 Cypro
774 2443 856 2525 (27),
897 2443 1059 2526 Galatia,
1099 2442 1321 2526 Pamphylia
1368 2442 1479 2524 (25).⁶)

307 2549 439 2614 Certum
463 2570 539 2614 vero
562 2557 696 2634 tempus
721 2571 784 2635 quo
803 2550 901 2615 libros
922 2551 1062 2633 ediderit,
1086 2569 1128 2613 ex
1147 2550 1196 2612 his
1214 2549 1320 2613 verbis
1338 2549 1482 2613 conicere

309 2676 371 2720 oon
397 2677 574 2741 possumus
606 2660 681 2741 quia
712 2678 775 2721 non
806 2678 871 2722 rem
904 2659 1061 2742 quandam
1093 2657 1230 2720 nobilem
1262 2656 1416 2740 significat
1447 2659 1483 2720 ut

305 2769 402 2827 antea
426 2766 591 2829 victoriam
615 2766 691 2827 anni
712 2767 751 2827 31
773 2771 804 2829 et
827 2766 1022 2849 triumphum
1043 2766 1118 2827 anni
1139 2766 1190 2827 29.
1228 2763 1290 2827 Sed
1309 2783 1380 2826 cum
1400 2764 1483 2827 dicat

306 2873 430 2961 „primo
455 2891 583 2955 quoque
606 2879 746 2954 tempore
770 2923 776 2936 .
801 2922 808 2935 .
832 2922 838 2935 .
863 2923 869 2935 .
895 2872 1037 2936 ederem‘
1065 2873 1204 2935 statuere
1226 2871 1335 2935 licebit
1358 2871 1483 2934 Vitru-

309 2980 413 3041 vium
434 2979 600 3042 edendos
618 2979 739 3042 libros
758 2998 911 3043 curasse
927 2999 1035 3062 quam
1055 2979 1216 3062 primum
1234 2977 1324 3041 lieri
1342 2983 1481 3061 posset.

400 3102 460 3165 Sed
490 3103 663 3185 videamus,
696 3104 773 3186 quid
804 3123 896 3187 porro
927 3103 1090 3166 Vitruvius
1121 3105 1153 3165 in
1183 3103 1378 3187 praefatione
1407 3102 1479 3166 libri

307 3211 403 3294 primi
427 3210 466 3272 de
490 3212 554 3272 vita
578 3230 637 3272 sua
661 3218 691 3273 et
714 3210 802 3273 libris
827 3216 949 3273 narret:
975 3210 1064 3290 „ideo
1089 3210 1175 3293 quod
1199 3210 1336 3292 primum
1361 3211 1482 3293 parenti

306 3323 364 3381 tuo
393 3317 432 3380 de
462 3335 498 3379 eo
520 3316 644 3380 fueram
667 3325 762 3380 notus
786 3324 817 3380 et
840 3319 908 3381 eius
933 3318 1058 3380 virtutis
1081 3317 1251 3380 studiosus.
1276 3336 1349 3378 cum
1373 3322 1479 3379 autem

305 3424 479 3487 concilium
503 3423 686 3486 caelestium
709 3424 744 3485 iu
769 3423 897 3487 sedibus
917 3424 1161 3487 immortalitatis
1182 3443 1256 3486 eum
1275 3421 1483 3486 dedicavisset

310 3537 343 3595 et
372 3531 542 3612 imperium
572 3532 711 3613 parentis
740 3532 774 3593 in
805 3537 892 3593 tuam
923 3537 1107 3614 potestatem
1139 3530 1361 3609 transtulisset,
1396 3527 1481 3591 idem

305 3638 450 3702 studium
475 3655 581 3700 meum
612 3638 644 3698 in
669 3638 738 3701 eius
762 3639 913 3701 momoria
937 3657 1125 3721 permanens
1154 3638 1186 3699 in
1218 3643 1248 3699 te
1278 3637 1411 3699 contulit
1433 3634 1482 3697 ia·

309 3746 446 3808 rorem.“
498 3744 654 3825 „Parens“
679 3752 725 3807 est
750 3743 892 3826 Caesar,
917 3746 968 3807 cui
994 3744 1161 3808 Vitruvius
1192 3762 1226 3806 se
1249 3746 1360 3806 notum
1384 3743 1482 3806 fuisse

308 3861 346 3915 ut
368 3853 572 3915 architectum
597 3852 687 3929 dicit;
718 3889 759 3897 -
789 3870 862 3914 uam
886 3852 913 3915 is
936 3851 1062 3914 videtur
1085 3869 1197 3914 sensus
1221 3868 1289 3912 csse
1312 3848 1481 3913 verborum

305 3960 378 4021 eius
407 3959 501 4043 paulo
532 3958 750 4021 obscuriorum
789 3959 846 4039 „de
876 3959 968 4036 eo‘·⁷)
1000 3994 1050 4022 -.
1111 3955 1224 4020 Caesar
1258 3954 1480 4019 autem'anno

398 4133 425 4197 6)
443 4132 603 4200 Marquardt,
631 4133 707 4187 Riim.
726 4134 895 4187 Staatsverw.
915 4132 946 4186 1²
965 4151 989 4202 p.
1009 4133 1060 4187 301
1081 4148 1119 4199 sq.
1148 4131 1267 4201 (Moesia)
1286 4130 1339 4185 358
1357 4130 1480 4199 (Galatia)

306 4204 361 4258 375
381 4204 556 4272 (Pamphylia)
577 4204 630 4259 390
648 4220 686 4273 sq.
706 4203 832 4274 (Cyprus)
852 4204 904 4259 438
924 4205 1090 4273 (Aegyptus).

399 4292 425 4359 7)
444 4293 477 4347 ci.
492 4293 592 4362 Meyer,
620 4294 714 4349 Gesch.
730 4295 778 4349 der
791 4293 902 4348 Botanilr
922 4311 946 4361 p.
961 4293 1026 4358 3903
1054 4299 1144 4345 tamen
1162 4295 1234 4346 recte
1254 4292 1363 4344 fortasse
1377 4290 1480 4344 Hirtius

306 4362 420 4419 coniecit
444 4380 505 4417 eum
530 4366 583 4418 iam
605 4365 655 4419 sub
674 4365 785 4421 Caesare
810 4364 942 4433 stipendia
967 4364 1106 4431 meruisse3
1131 4378 1184 4417 non
1208 4363 1279 4415 enim
1297 4362 1395 4428 dubito,
1416 4362 1482 4430 quin
