3684 5217
780 508 991 569 ..78-

297 680 412 745 librum
424 682 668 765 disciplinarum
677 689 802 747 sextum
817 684 879 746 iam
890 689 1060 766 antequam
1070 682 1185 747 Caesar
1194 683 1291 749 fastos
1301 684 1472 767 corrigeret

295 789 449 871 seriptum
483 804 551 853 esse
583 789 752 853 admodum
787 792 827 853 sit
859 790 1085 872 verisimilem)
1124 797 1155 854 et
1186 790 1319 854 scribam
1355 791 1473 853 codicis

296 893 436 956 Pliniani
460 894 551 959 fariis
575 896 683 959 decem
708 898 801 961 annis
824 913 928 960 errare
952 898 1092 981 potuisse
1115 908 1269 980 appareat.
1316 895 1421 972 Quare
1443 899 1472 960 si

297 1002 468 1064 statuimus
492 1002 607 1065 librum
633 1022 754 1067 nonum
779 1004 1015 1087 disciplinarum
1040 1006 1121 1067 circa
1144 1023 1170 1066 a.
1193 1004 1257 1067 iere
1280 1005 1323 1067 40
1347 1022 1473 1086 compo-

293 1109 391 1171 situm
416 1126 490 1189 esse,
521 1107 638 1193 optime
668 1110 746 1174 haec
768 1112 848 1173 ratio
873 1112 1023 1173 convenit
1044 1128 1118 1173 oum
1142 1117 1291 1193 tempore,
1327 1130 1391 1194 quo
1413 1110 1471 1175 Vi·

293 1216 437 1277 truvium
470 1217 633 1299 scripsisse
666 1217 844 1301 probamus,
879 1218 935 1299 qui
969 1218 1023 1280 iilo
1056 1218 1138 1281 libro
1170 1219 1354 1301 nuperrime
1386 1218 1470 1281 edito

295 1321 425 1403 largiter
447 1337 527 1385 usus
551 1328 604 1387 est.

382 1444 507 1529 Deinde
538 1466 666 1548 quidam
699 1466 916 1529 observavisse
947 1467 1007 1529 sibi
1039 1469 1097 1530 visi
1128 1472 1204 1529 sunt
1227 1463 1412 1530 Vitruvium
1434 1468 1467 1530 in

293 1571 486 1653 praelatione
505 1573 579 1635 libri
598 1575 699 1657 primi,
724 1590 797 1637 cum
817 1574 1038 1655 imperatorem
1059 1573 1233 1657 alloquitur
1250 1579 1283 1637 et
1301 1574 1469 1657 praedicat,

292 1678 449 1741 imitatum
473 1698 543 1743 esse
562 1678 686 1743 Horatii
711 1680 868 1763 quendam
892 1682 1122 1758 sermonem.⁴²)
1156 1680 1212 1743 ilie
1236 1698 1308 1743 cum
1332 1682 1468 1762 scriptus

291 1786 333 1848 sit
365 1802 447 1849 anno
478 1804 503 1849 a.
535 1785 605 1851 cnr.
632 1790 681 1869 14,
694 1789 732 1868 43)
764 1794 836 1871 post
868 1786 953 1849 hunc
985 1801 1105 1849 annum
1138 1806 1207 1851 eam
1240 1788 1466 1870 praefationem

289 1893 438 1975 scriptam
469 1911 538 1957 esse
568 1909 697 1957 necesse
727 1899 809 1957 esset
840 1900 986 1957 statuere.
1037 1894 1151 1978 Neque
1179 1911 1254 1957 vero
1286 1914 1381 1958 causa
1411 1904 1467 1970 est,

289 2018 349 2063 cur
367 1999 551 2064 Vitruvium
577 2002 734 2065 imitatum
759 2018 828 2064 esse
849 2000 1017 2065 Horatium
1044 2002 1199 2080 dicamus3
1223 2017 1297 2063 nam
1321 2004 1348 2064 si
1372 2022 1467 2085 quae·

292 2096 376 2169 dam
401 2108 577 2170 similitudo
617 2107 785 2171 verborum
823 2109 904 2170 inter
941 2108 1050 2171 ambos
1085 2108 1261 2190 intercedit,
1304 2110 1383 2171 banc
1420 2112 1466 2172 rei

288 2215 498 2280 similitudine
521 2216 600 2282 satis
623 2216 774 2296 explicari
798 2215 940 2279 arbitror.

379 2354 528 2441 Denique
545 2357 668 2423 Oderus
688 2374 803 2440 magna
822 2373 894 2421 cum
914 2357 1031 2421 fiducia
1050 2358 1211 2421 contendit
1219 2360 1259 2438 ⁴4)
1278 2358 1464 2423 Vitruvium

289 2466 430 2547 quaeda
450 2466 571 2548 origine
591 2472 621 2528 et
641 2483 737 2528 cursu
756 2462 821 2527 Nili
841 2464 918 2527 dicit
936 2464 978 2547 (p.
992 2466 1063 2546 190,
1076 2466 1236 2547 11-191,
1251 2468 1304 2547 13)
1323 2468 1464 2530 hausisse

287 2590 331 2635 ex
354 2571 454 2635 lubae
477 2572 615 2653 alterius,
647 2574 729 2655 regis
752 2570 931 2652 Numidiae,
961 2570 1099 2653 Libycis,
1132 2589 1213 2653 quae
1243 2575 1359 2655 scripta
1389 2582 1466 2637 sunt

288 2680 371 2741 intra
401 2696 501 2742 annos
532 2699 558 2741 a.
584 2679 652 2741 Chr.
685 2681 732 2741 25·
757 2685 788 2743 et
819 2680 878 2757 203
910 2667 1026 2741 etenim
1058 2697 1141 2760 quae
1171 2680 1255 2762 apud
1279 2679 1463 2742 Vitruvium

287 2786 446 2867 leguntur,
471 2787 625 2867 similiter,
649 2786 704 2849 sed
723 2772 883 2869 copiosius
900 2792 1028 2848 'enarrat
1046 2784 1170 2848 Pii-nius
1189 2787 1229 2867 (5,
1242 2788 1281 2848 bl
1294 2788 1366 2869 sqq)
1384 2787 1464 2850 Iuba

285 2898 422 2955 auctore.
479 2892 548 2955 Etsi
581 2912 656 2956 vero
689 2912 739 2957 rea
771 2892 1004 2976 probabilitatis
1039 2896 1177 2973 speciem
1210 2911 1285 2975 prae
1317 2910 1351 2957 se
1382 2893 1464 2957 ferre

292 2998 430 3081 videtur,
452 3005 556 3070 tamea
577 3000 639 3066 alia
659 3019 786 3083 quoque
805 3005 928 3083 praesto
948 3007 996 3068 est
1013 3001 1156 3083 vimque
1171 3019 1241 3065 rem
1262 3000 1465 3086 probabiliter

284 3107 491 3188 explicemus.
529 3106 654 3173 Scilicet
673 3126 744 3174 cuna
765 3107 848 3172 inter
863 3106 1047 3172 Vitruvium
1067 3114 1098 3169 et
1118 3106 1258 3171 Plinium
1278 3108 1330 3172 vel
1348 3106 1462 3172 Iubam

288 3214 418 3288 minuce
448 3214 595 3280 omuibus
624 3215 658 3279 in
689 3214 784 3280 rebus
814 3214 992 3293 conveniat
1025 3215 1203 3279 communis
1234 3215 1362 3297 quidam
1392 3214 1463 3280 fons

284 3320 473 3391 statuendus
496 3327 551 3402 est,
581 3322 766 3402 praesertim
791 3339 865 3385 cum
890 3320 930 3385 da
952 3322 1120 3402 utriusque
1143 3321 1286 3389 fontibus
1313 3322 1462 3388 certiores

284 3427 412 3507 tamum
447 3426 615 3494 Vitruvius
646 3429 730 3496 enim
761 3428 901 3509 dicitas
932 3432 1078 3505 secutum
1099 3446 1178 3507 ¹esse
1198 3428 1283 3493 orbis
1306 3435 1459 3496 terrarum

282 3534 652 3617 descriptiones,.lubam
671 3534 846 3617 tradimur)
866 3534 1000 3600 {Punicis
1018 3534 1110 3611 libris¹
1127 3551 1220 3600 usum
1241 3554 1316 3600 esse.
1352 3537 1460 3619 Atque

283 3642 312 3713 ai
345 3648 465 3710 certum
498 3641 660 3725 quoddam
694 3660 810 3713 nomen
843 3646 880 3723 ut
912 3659 1095 3723 nuncupem
1118 3640 1250 3725 iiagitaa
1284 3644 1460 3726 Agrippam

284 3749 489 3821 laudaverim.
536 3747 636 3816 Illum.
655 3749 740 3824 enim
753 3752 891 3815 condat
911 3747 950 3818 dc
970 3749 1117 3831 Aegypq)
1135 3756 1167 3812 at
1184 3749 1342 3815 Atlante
1364 3752 1461 3833 scrip·

287 3887 500 3904 φ--Λ--ι-ι-ςι

372 3961 416 4034 41)
436 3960 544 4031 Gruppe
563 3960 710 4025 ..Homer
730 3957 772 4013 XI
790 3976 851 4017 amn
871 3976 959 4029 sogen.
978 3959 1103 4017 Manilius
1119 3975 1146 4028 p.
1165 3958 1226 4013 239.

296 4114 298 4126 ,
372 4048 417 4118 42)
437 4049 511 4117 episi.
526 4049 552 4101 Π
566 4050 590 4117 1,
607 4050 620 4100 1
636 4064 692 4119 sqq.
713 4049 746 4101 ci.
758 4066 783 4117 p.
801 4048 840 4100 12.
860 4048 1103 4103 Teuffel-Schwabe
1122 4047 1336 4101 latiturum.
1356 4048 1456 4121 §abst

361 4131 417 4204 ’43)
436 4140 468 4191 Α.
489 4136 737 4206 Kiessling-Heinzc
756 4136 820 4191 Hor.
841 4135 931 4205 epist.²
949 4154 974 4205 p.
995 4139 1054 4193 165.

372 4228 416 4292 44)
436 4226 527 4279 Philol.
548 4226 682 4295 Supplem.
702 4226 755 4280 Vll
774 4244 798 4295 p.
819 4228 872 4281 354
890 4243 946 4296 sqq.

371 4317 415 4381 45)
436 4316 567 4369 Ammian.
586 4316 671 4370 XXII
691 4318 732 4383 15,
751 4316 781 4384 ὃς
810 4316 889 4370 Solin.
909 4316 952 4384 24,
974 4318 1006 4370 15
1026 4334 1050 4385 p.
1071 4316 1122 4370 110
1141 4312 1176 4369 Μ.
1196 4314 1239 4383 32,
1258 4314 1275 4367 2
1301 4332 1324 4383 ρ,
1349 4314 1400 4369 138
1418 4315 1455 4368 Μ.
