3684 5217
485 1312 676 1394 Quicunque
698 1312 730 1373 in
754 1310 891 1373 Vitruvii
917 1311 1025 1373 decem
1050 1311 1088 1373 de
1112 1312 1318 1373 architectura
1341 1312 1438 1375 libros
1461 1313 1567 1375 studia

395 1420 608 1499 contulerunt,
632 1419 689 1484 vix
711 1419 744 1479 in
769 1419 868 1479 altera
893 1418 1086 1499 quaestione,
1111 1436 1192 1500 quae
1211 1418 1250 1479 ad
1270 1418 1410 1481 Vitruvii
1434 1438 1514 1502 opus
1539 1404 1570 1481 et

395 1528 560 1608 personam
584 1526 727 1608 pertinet,
750 1526 836 1587 viros
860 1524 968 1587 doctos
992 1544 1064 1587 cum
1089 1530 1181 1587 antea
1204 1530 1273 1588 tum
1296 1527 1452 1607 proximis
1476 1528 1568 1588 annis

396 1639 460 1696 tam
479 1632 655 1694 elaborasse
674 1637 705 1695 et
724 1632 895 1694 desudasse
914 1633 1020 1694 sciunt
1043 1650 1138 1713 quam
1164 1634 1195 1694 in
1215 1637 1364 1715 tempore,
1389 1652 1452 1714 quo
1471 1633 1569 1696 libros

397 1740 435 1802 de
465 1740 673 1802 architectura
702 1758 774 1802 eum
806 1740 969 1821 scripsisse
999 1745 1030 1801 et
1058 1739 1194 1801 edidisse
1224 1746 1344 1822 putant,
1375 1738 1567 1818 definIend03

396 1865 499 1929 neque
523 1848 629 1909 minus
653 1851 777 1907 constat
796 1864 850 1907 eos
868 1846 901 1907 in
922 1847 1094 1907 sententias
1117 1847 1232 1907 mirum
1253 1850 1407 1928 quantum
1429 1846 1569 1909 diversas

395 1954 575 2015 discessisse
599 1960 630 2015 et
654 1971 694 2014 ne
717 1952 804 2014 falsis
828 1952 956 2033 quidem
973 1957 1004 2014 et
1026 1953 1141 2034 ineptis
1165 1954 1359 2035 argumentis
1383 1955 1568 2036 pepercisse.

395 2057 486 2134 Quod
512 2079 584 2122 cum
609 2060 849 2142 perspexissem,
873 2060 941 2141 ipse
965 2077 1093 2141 quoque
1113 2060 1146 2121 in
1167 2078 1204 2122 ea
1224 2060 1409 2142 quaestione
1427 2060 1569 2122 studium

398 2167 550 2229 collocavi
576 2185 711 2248 eamque
729 2166 789 2228 hoc
808 2166 1030 2248 quaestionum
1050 2165 1314 2228 Vitruvianarum
1334 2168 1506 2249 specimine
1527 2204 1568 2211 —

395 2293 499 2356 neque
532 2274 690 2356 specimen
724 2274 825 2336 solum
860 2278 915 2353 est,
954 2274 1009 2336 sed
1043 2279 1138 2355 caput
1170 2275 1311 2335 omnium
1346 2275 1569 2355 quaestionum

396 2380 658 2443 Vitruvianarum
671 2418 710 2426 —
724 2378 868 2467 adfinem
881 2380 1038 2463 quendam
1050 2380 1222 2462 perducere
1232 2380 1382 2458 conabor;
1403 2399 1453 2443 res
1463 2385 1569 2442 autem

394 2489 463 2567 ipsa
486 2488 545 2549 hoc
568 2490 635 2569 ipso
660 2494 799 2569 tempore
822 2488 900 2547 mihi
924 2487 1051 2549 videtur
1073 2489 1249 2550 necessario
1273 2488 1470 2551 retractanda
1491 2506 1568 2567 esse,
1650 2495 1653 2503 '

395 2611 468 2653 cum
493 2611 687 2674 unoquoque
714 2593 779 2655 fere
807 2594 946 2675 proximi
974 2595 1118 2656 decennii
1147 2614 1230 2656 anno
1257 2596 1394 2676 aliquam
1421 2596 1569 2657 disserta·

396 2698 513 2760 tionem
537 2698 670 2789 doctam
704 2701 736 2760 in
769 2699 871 2762 lucem
904 2700 1060 2779 prodiisse
1091 2701 1264 2781 videamus,
1304 2720 1368 2783 qua
1399 2708 1456 2763 aut
1487 2721 1569 2764 nova

396 2807 550 2867 sententia
579 2806 736 2887 profertur
766 2812 821 2868 aut
845 2806 1022 2869 oblitterata
1052 2807 1157 2870 denuo
1180 2808 1420 2871 commendatur
1443 2816 1498 2871 aut
1520 2810 1568 2870 in-

395 2918 534 2974 veterata
557 2921 588 2975 et
612 2912 741 2995 vulgata
761 2914 867 2995 opinio
886 2914 1052 2994 stabilitur,
1077 2921 1112 2977 ut
1132 2916 1224 2976 multi
1244 2915 1398 2995 dubitent,
1421 2917 1453 2976 in
1475 2917 1568 2978 cuius

395 3020 583 3081 sententiam
609 3019 776 3083 discedant.
823 3024 1006 3103 Antequam
1031 3028 1136 3083 autem
1167 3021 1206 3083 ad
1230 3040 1296 3083 rem
1320 3023 1421 3104 ipsam
1446 3022 1567 3101 accedo,

396 3125 533 3187 breviter
564 3126 644 3188 mibi
677 3126 886 3189 enarrandum
922 3128 989 3206 erit,
1023 3130 1174 3211 quinam
1208 3129 1282 3190 viri
1315 3128 1415 3210 docti
1448 3129 1569 3191 adhuc

394 3234 544 3313 egerint
576 3234 619 3295 de
653 3240 833 3315 tempore,
867 3253 939 3316 quo
972 3234 1173 3297 Vitruvius
1206 3237 1421 3318 scripserit,
1454 3243 1567 3317 atque

395 3339 534 3422 quibus
558 3341 793 3423 argumentis
817 3341 877 3402 illi
903 3342 959 3403 usi
984 3342 1070 3404 sint.

484 3444 575 3519 Quod
594 3448 622 3509 si
641 3448 713 3529 quis
733 3448 874 3526 miretur,
894 3448 975 3510 duae
996 3449 1024 3509 ei
1035 3467 1085 3511 res
1103 3455 1179 3511 sunt
1199 3449 1408 3531 reputandae:
1428 3449 1567 3530 primum

395 3553 481 3635 quod
514 3552 682 3617 Vitruvius
714 3573 818 3636 neque
850 3555 918 3637 ipse
955 3556 1129 3638 perspicuis
1167 3556 1271 3619 verbis
1309 3556 1400 3635 dicat,
1438 3553 1566 3637 quando

395 3660 518 3741 vixerit,
542 3679 646 3742 neque
669 3662 889 3743 imperatorem
913 3662 1016 3740 illum,
1039 3664 1092 3725 cui
1116 3681 1194 3746 opus
1217 3683 1312 3725 suum
1336 3662 1500 3741 dedicavit,
1523 3662 1567 3722 ita

394 3767 583 3849 alloquatur,
614 3773 650 3830 ut
673 3768 776 3831 omnis
806 3768 845 3831 de
869 3787 906 3833 eo
931 3768 1086 3832 dubitatio
1110 3777 1229 3832 remota
1251 3771 1300 3850 sit,
1330 3768 1452 3844 deinde,
1482 3767 1566 3849 quod

394 3873 483 3935 nulla
514 3878 656 3936 veterum
686 3876 874 3956 scriptorum
906 3877 1086 3938 testimonia
1117 3883 1250 3956 exstent,
1283 3876 1401 3958 quibus
1432 3881 1566 3956 tempus,

395 4000 458 4063 quo
482 3982 563 4043 vixit
587 3986 617 4043 et
640 3982 773 4065 scripsit,
796 3988 879 4045 certe
903 3981 1114 4062 definiatur.1)

482 4156 507 4219 1)
527 4155 595 4209 Sunt
613 4158 702 4209 autem
721 4155 870 4209 testimonia
888 4172 982 4224 pauca:
1002 4157 1070 4210 Plin.
1085 4159 1113 4209 in
1133 4157 1261 4210 indicibus
1277 4156 1294 4211 1.
1312 4156 1329 4210 l.
1347 4158 1425 4225 XVI,
1444 4158 1565 4221 XXXV,

392 4225 517 4281 XXXVI
537 4226 569 4279 N.
591 4227 624 4279 H.
643 4256 677 4266 -
697 4227 813 4281 Frontin.
832 4228 865 4280 de
887 4227 962 4294 aquis
985 4244 1011 4280 u.
1032 4228 1063 4281 R.
1082 4227 1149 4283 125
1168 4258 1202 4267 -—
1221 4228 1305 4297 Apoll.
1325 4228 1412 4283 Sidon.
1433 4230 1507 4296 epist.
1527 4229 1566 4282 lv

394 4299 418 4361 3,
430 4299 454 4353 b.
493 4297 559 4351 VIII
578 4298 603 4364 6,
622 4298 663 4352 10.
680 4328 709 4338 -
727 4297 800 4351 Serv.
820 4298 852 4352 ad
871 4301 937 4351 Aen.
959 4297 999 4351 VI
1017 4300 1052 4351 43
1067 4329 1099 4339 -
1115 4299 1201 4352 Izetz.
1220 4299 1300 4353 schol.
1320 4300 1346 4352 in
1364 4301 1428 4368 Lyc.
1449 4301 1519 4355 Cass.
1538 4300 1565 4353 Il

393 4385 418 4435 p.
437 4368 490 4422 919
508 4369 605 4423 Miiller
622 4370 668 4437 (cf.
687 4369 802 4422 Reinesii
821 4385 875 4423 var.
894 4368 953 4423 lect.
973 4368 991 4422 l.
1011 4369 1052 4422 III
1071 4387 1096 4437 p.
1118 4370 1176 4424 118.
1213 4371 1281 4424 Vitr.
1300 4372 1368 4426 VIII
1405 4379 1422 4441 l.

1548 4480 1563 4531 1
