3684 5217
843 491 1051 564 ..75-

358 664 546 735 Vitruvium
565 667 769 749 probavimus
793 668 958 749 scripsisse
981 666 1079 732 libros
1102 667 1142 735 de
1162 667 1374 735 architectura
1391 669 1534 750 exceptis

357 771 481 838 dnobus
504 772 593 855 loss,
623 775 678 856 qui
702 793 758 837 cur
781 780 889 856 postea
912 772 1116 854 adderentur,
1145 774 1350 857 probabiliter
1373 775 1533 858 explicaro

357 878 456 943 licuit.
501 879 541 945 In
563 880 641 946 aede
665 885 771 945 autem
796 878 932 960 Quirini,
955 898 1027 950 cuin
1050 900 1147 950 cause
1170 880 1307 946 addendi
1330 900 1395 947 non
1417 882 1463 948 ita
1485 881 1531 952 di:

358 986 462 1051 lueida
492 988 541 1065 sit,
572 988 702 1052 dixerit-
718 988 849 1053 fortasse
880 988 1040 1071 quispiam
1063 989 1179 1057 buius·
1196 988 1298 1059 solius
1326 988 1534 1059 rectractare

355 1092 471 1157 habital
484 1099 541 1163 ant
565 1096 597 1155 in
615 1093 714 1159 Hirtii
738 1094 793 1156 illa
815 1095 974 1160 sententia
996 1095 1264 1177 perseverandum
1288 1114 1357 1160 esse
1372 1103 1430 1162 ‚atrt
1448 1102 1533 1165 certe

357 1198 548 1282 Vitruvium,
581 1220 775 1283 quamquam
806 1219 872 1276 nep
902 1202 1161 1285 ipsescripserit
1181 1209 1257 1268 ante
1278 1222 1306 1265 a
1331 1204 1382 1278 31,
1413 1202 1478 1267 sed·
1494 1222 1534 1272 en

354 1306 422 1369 iere
445 1313 593 1389 tempere,
619 1326 681 1389 quo
700 1308 825 1373 Hirtius
848 1311 966 1387 statuit„
990 1317 1096 1372 tamen
1119 1308 1236 1374 talibus
1254 1328 1351 1374 usum
1370 1325 1440 1376 esse
1459 1309 1531 1376 ione

357 1412 452 1494 tibus,
477 1415 625 1496 quiante
645 1436 671 1480 a.
692 1416 732 1479 31
754 1416 919 1497 compositi
938 1416 1016 1494 sint3
1040 1415 1127 1479 unde
1148 1415 1410 1498 facileexplicari
1430 1434 1532 1499 posse,

354 1540 413 1583 cur
432 1522 635 1602 architectus,
667 1524 721 1604 qui
746 1528 917 1604 postquam
937 1540 1072 1586 munere
1093 1540 1127 1593 se
1150 1522 1316 1603 abdicavit,
1347 1532 1432 1590 certe
1462 1542 1529 1593 non

353 1628 386 1689 in
410 1628 479 1709 ipse
503 1627 587 1709 urbe,
612 1628 669 1691 sed
691 1629 726 1689 iu
750 1628 858 1714 aliquo
876 1628 991 1701 Italiae
1013 1629 1166 1711 oppidulo
1183 1630 1355 1713 scripserit
1379 1636 1482 1693 tentes
1498 1635 1532 1697 et

354 1742 417 1798 tam
441 1734 558 1802 multas
582 1754 639 1815 res,
665 1754 747 1816 quae
770 1741 842 1817 post
863 1754 1004 1817 pugnam
1020 1737 1181 1806 Actiacam
1195 1732 1318 1799 Romae
1341 1737 1531 1814 exstiterint,

356 1842 485 1905 silentio
510 1842 679 1923 transierit,
710 1843 828 1924 quippe
853 1842 986 1924 quasin
1012 1842 1156 1910 fontibus
1177 1842 1245 1907 suis
1268 1862 1332 1905 non
1357 1841 1532 1925 descriptae

354 1949 526 2025 inveniret;
553 1950 708 2011 nonnulla
733 1955 864 2029 tantum,
889 1968 972 2031 quae
995 1950 1176 2031 posterioris
1200 1951 1350 2033 temperis
1373 1951 1528 2016 iudicium

353 2054 533 2134 exhibeant,
558 2055 727 2120 inserenda
750 2075 823 2122 eum
848 2057 1011 2124 censuisse
1035 2064 1113 2136 tum,
1138 2076 1213 2122 cum
1237 2058 1401 2123 occasione
1425 2058 1532 2136 oblata

354 2161 526 2243 aliquando
560 2162 672 2227 urbem
696 2164 812 2229 viseret
844 2169 876 2227 et
905 2164 1077 2245 quaedam.
1105 2183 1186 2247 quae
1216 2164 1369 2234 notabilia
1399 2166 1428 2227 ei
1459 2166 1528 2232 visu

352 2274 435 2349 sunt,
460 2274 632 2333 annotaret.
1450 2275 1451 2278 ’

442 2408 583 2485 Quorum
609 2418 713 2473 tamen
738 2417 883 2474 nentrum
910 2414 988 2475 mihi
1010 2413 1176 2496 probatum
1201 2414 1299 2475 immo
1324 2414 1381 2476 hen
1404 2431 1469 2476 nna
1492 2434 1529 2477 re

351 2519 582 2600 argumentatio
620 2524 734 2599 nostru,
778 2538 860 2600 quae
896 2522 942 2581 tot
979 2528 1107 2602 tamque
1148 2519 1300 2602 gravibus
1337 2522 1529 2583 testimoniis

350 2625 471 2705 nititur,
503 2623 656 2687 infirmari
690 2626 820 2688 minime
852 2632 966 2709 potest3
1006 2627 1081 2708 qnid
1116 2627 1199 2708 qued
1231 2623 1401 2690 Vitruvius
1432 2628 1529 2709 paule¹

351 2736 521 2812 antequam
548 2732 656 2793 aedem
677 2731 803 2806 Quirini
826 2739 988 2814 memorat,
1012 2734 1051 2795 de
1074 2735 1190 2815 templo
1210 2736 1242 2795 in
1262 2736 1386 2815 pnrtlcu
1409 2734 1528 2797 Metelli

350 2836 438 2899 lovis
462 2838 593 2901 Statoris
617 2837 713 2901 verba
737 2840 819 2921 fecit,
850 2856 933 2923 quae
963 2841 1090 2922 scripte·
1106 2858 1175 2903 esse
1199 2840 1312 2904 debere
1335 2849 1408 2904 ante
1432 2862 1458 2905 a.
1482 2844 1527 2905 33

350 2962 446 3026 snpra
470 2944 779 3011 demonstravimus?
826 2944 931 3019 Quare
953 2947 1057 3009 iacere
1082 2964 1145 3008 nen
1169 2965 1309 3029 pessum,
1340 2950 1419 3030 quin
1444 2950 1528 3011 harre

351 3068 478 3132 quoque
497 3034 583 3114 aedis
603 3050 729 3125 Quirini
748 3050 875 3115 brevem
897 3054 1138 3136 ‹lesrriptinnenr
1161 3064 1269 3136 postea
1287 3038 1436 3118 insertam
1458 3067 1529 3120 esse

349 3163 484 3219 statuum
510 3158 645 3239 quadam
665 3158 706 3221 ¹<ie
725 3162 833 3239 cause,'
854 3163 959 3241 quem
976 3178 1037 3222 nen
1057 3160 1120 3221 iam
1141 3177 1231 3243 pesse
1251 3162 1383 3225 indicari
1404 3154 1528 3246 nequa-¹

350 3282 445 3346 qrrem
477 3264 671 3347 mirabimur,
702 3274 775 3328 cum
802 3267 876 3327 talia
902 3266 966 3329 fere
989 3285 1149 3349 nusquam
1172 3277 1237 3329 tam
1262 3272 1428 3351 perspicua
1451 3272 1525 3353 sint,

349 3377 393 3452 ut,
425 3372 583 3453 quemodo
608 3391 694 3454 opus,
726 3374 821 3454 quale
850 3392 909 3436 nos
934 3373 1081 3436 manibus
1107 3364 1260 3456 tenemus,
1292 3393 1333 3438 ex
1364 3389 1527 3441 eontmenJ

349 3479 438 3540 tariis
462 3485 492 3541 et
516 3481 664 3560 congerie
684 3486 918 3562 *excerptorum
950 3481 1022 3542 aliis
1046 3480 1239 3564 temporibus
1263 3482 1332 3546 aliis
1356 3470 1524 3547 decausis

347 3584 503 3647 factorum
535 3588 731 3649 concreverit
761 3592 792 3650 et
823 3594 904 3670 quae
934 3587 1001 3649 iata
1030 3589 1094 3649 iam
1124 3588 1184 3650 sub
1213 3592 1351 3652 auctoris
1375 3585 1525 3654 munibus¹

349 3700 513 3773 expertum
547 3693 596 3767 sit,
629 3711 756 3775 prorsus
790 3695 1079 3777 cognoscamus'ssly
1126 3693 1233 3769 Quare
1261 3699 1338 3757 satis
1370 3697 1523 3760 babemus

348 3798 539 3881 intellegere,
573 3818 637 3880 quo
671 3800 748 3881 quid
781 3807 921 3882 tempore
954 3804 1104 3884 scriptum
1137 3820 1206 3865 esse
1239 3803 1384 3865 videatur
1416 3822 1526 3887 neque

349 3910 474 3986 temere,
499 3906 525 3967 si
548 3923 599 3968 res
623 3924 687 3968 nnn
708 3912 771 3968 tem
790 3908 926 3989 simplex
946 3914 993 3970 est
1012 3925 1107 3989 qnam
1127 3916 1356 3990 exspectamus,
1380 3925 1420 3973 ne
1443 3911 1523 3974 falsa

347 4013 400 4074 via
423 4014 579 4095 progressi
604 4014 713 4093 simile,
738 4014 926 4075 verebimur.
1520 4007 1522 4014 ¹

437 4225 481 4286 37)
501 4223 576 4289 Quod
595 4224 659 4277 aede
674 4224 776 4289 Quirini
789 4224 914 4278 Romanis
928 4226 1044 4293 primum
1062 4226 1157 4294 dipteri
1175 4242 1258 4296 genus
1275 4226 1442 4294 inuenisset,
1462 4228 1522 4281 ideo

346 4310 424 4364 pesse
442 4295 595 4349 Vitruvium
614 4312 673 4349 cern
693 4300 781 4363 postea
800 4296 930 4351 addidisse
949 4295 1108 4367 Sturlnicrka
1127 4297 1293 4365 probabiliter
1310 4298 1436 4353 coniecit·
