3684 5217
818 464 1028 525 -73-

338 637 399 701 Dio
430 638 523 722 paulo
556 643 628 721 post
659 640 754 703 tradit
786 660 868 702 anno
902 641 943 701 46
977 640 1114 702 statuam
1148 638 1290 704 Caesaris
1322 642 1356 702 in
1384 638 1510 715 Quirini

337 745 453 829 templo
476 746 581 810 verbis
606 747 683 825 „deo
700 748 844 835 invict0“
867 748 1028 829 inscriptis
1050 749 1184 829 positam
1208 766 1276 811 esse
1300 749 1362 828 (43,
1382 748 1444 827 45),
1469 746 1509 808 ad

336 852 421 935 quod
454 855 569 916 factum
607 854 771 916 referenda
808 861 882 917 suut
915 854 1011 916 verba
1043 853 1205 916 Ciceronis
1239 856 1278 917 de
1310 853 1441 917 Caesare
1474 858 1511 915 ut

337 957 459 1043 σεννιίῳ
492 966 522 1023 et
555 960 771 1023 contubernali
804 958 932 1034 Quirini
963 962 1052 1022 facta.
1066 962 1103 1042 31)
1150 959 1255 1036 Quare
1287 979 1412 1041 causa,
1447 979 1511 1041 qua

336 1075 512 1130 commotus
542 1067 693 1130 Hirtius
725 1067 886 1150 quondam
917 1073 1157 1149 argumentatus
1188 1074 1256 1131 erat
1280 1069 1326 1147 (cf.
1350 1087 1379 1149 p.
1405 1070 1432 1130 5.
1459 1069 1510 1148 ll)

335 1174 520 1237 Vitruvium
537 1181 607 1257 post
623 1193 742 1236 annum
760 1174 887 1237 demum
908 1176 956 1254 16,
978 1194 1041 1256 quo
1059 1176 1152 1237 aedes
1170 1175 1209 1236 ab
1227 1175 1377 1256 Augusto
1396 1174 1512 1237 refecta

337 1282 442 1345 denuc
467 1280 610 1344 dedicata
634 1287 689 1362 est,
714 1283 884 1363 scripsisse,
908 1286 992 1343 stare
1014 1301 1080 1343 non
1103 1282 1165 1343 iam
1190 1288 1300 1363 potest.

425 1389 539 1451 Tamen
559 1390 705 1469 quaestio
719 1390 827 1465 oritur,
847 1389 884 1450 ad
907 1388 1068 1470 quodnam
1088 1390 1240 1469 templum
1256 1387 1396 1451 Vitruvii
1416 1387 1513 1450 verba

334 1495 500 1558 referenda
523 1497 595 1572 sint,
627 1503 733 1557 utrum
758 1494 798 1557 ad
821 1502 982 1557 vetustum
1006 1496 1212 1577 Papirianum
1244 1516 1284 1556 an
1309 1494 1348 1557 ad
1375 1496 1512 1577 Augusti

334 1601 516 1665 aedificium
548 1604 716 1680 recentius,
751 1603 788 1664 de
822 1622 884 1684 quo
918 1602 979 1665 Dio
1012 1602 1088 1664 dicit
1120 1604 1182 1683 (54,
1218 1604 1284 1680 19);
1328 1598 1407 1683 πρὶν
1431 1592 1512 1687 aab

335 1707 566 1795 ἀφορμᾶσθαι,
597 1708 653 1771 σὸν
681 1716 739 1771 τοῦ
761 1704 900 1792 Κυρίνου
931 1708 1008 1771 ναὸν
1037 1706 1240 1792 καθιέρωσεν
1263 1705 1300 1770 ἐκ
1322 1718 1435 1793 καινῆς
1460 1702 1511 1771 oi-

333 1815 523 1901 κοδομήσας
541 1848 549 1866 ·
568 1805 664 1878 εἶπεν
683 1810 719 1877 de‘
736 1823 832 1878 acono
852 1810 902 1879 lira
923 1811 958 1891 ἕξ
970 1812 1027 1878 καί
1047 1809 1268 1901 ἑβδομήκοντα
1287 1810 1395 1878 κίοσιν
1414 1811 1512 1877 αὐτὸν

335 1920 516 2009 ἐκόσμησεν
549 1917 677 2005 ὅσαπερ
708 1922 749 1983 τὰ
779 1919 892 1985 πάντα
928 1917 983 2009 ἕνη
1014 1918 1136 2001 διεβίω,
1172 1919 1251 1985 κάκ
1267 1920 1383 1985 τούτου
1416 1919 1511 2003 λόγον

334 2026 405 2093 τισὶ
438 2025 598 2113 παρέσχεν
630 2020 674 2104 ὡς
705 2025 763 2091 καί
800 2024 990 2115 ἐξεπίτηδες
1026 2026 1105 2093 αὐτὸ
1144 2020 1254 2092 dtt'ot
1292 2028 1377 2091 acroi
1410 2026 1510 2113 ιίχην

335 2129 443 2213 ἄλλως
461 2133 598 2220 πράξας.
637 2136 708 2199 Ησε
723 2143 860 2200 statuere
875 2137 999 2216 debent,
1016 2138 1200 2219 quicunque
1210 2137 1307 2199 Hirtii
1322 2138 1510 2198 sententiam

335 2244 478 2328 probant,
509 2253 604 2326 atque
634 2244 793 2307 stabilitur
820 2245 933 2306 horum
959 2246 1064 2327 opinio
1089 2264 1133 2325 eo,
1166 2245 1250 2326 quod
1275 2264 1347 2305 cum
1372 2243 1513 2305 Vitrurii

336 2351 444 2414 verbis
468 2352 623 2433 „diptercs
643 2358 746 2413 autem
769 2352 938 2430 octastylos
958 2357 989 2414 et
1011 2371 1128 2433 pronao
1153 2359 1184 2413 et
1202 2353 1331 2433 posticc,
1355 2350 1409 2412 sed
1430 2351 1514 2411 circa

335 2460 446 2521 eedem
472 2459 614 2540 duplices
638 2458 730 2520 habet
750 2458 875 2519 ordines
895 2458 1122 2537 columnarum,
1146 2460 1194 2520 nti
1214 2467 1262 2519 est
1280 2458 1367 2519 aedis
1385 2455 1512 2530 Quirini

336 2568 462 2629 dorica“
486 2585 511 2627 e.
537 2586 564 2647 q.
589 2586 612 2627 s.
638 2566 675 2647 (p.
703 2566 752 2645 70,
778 2566 875 2640 2-5)
907 2566 1025 2647 optime
1055 2565 1192 2627 conferri
1221 2571 1322 2647 potest
1346 2564 1435 2627 locus
1458 2564 1513 2625 ille

335 2672 459 2753 Dionis,
484 2674 540 2754 qui
564 2675 630 2753 ipse
655 2691 783 2755 quoque
807 2672 845 2733 de
869 2670 991 2754 diptero
1015 2672 1167 2751 octastylc
1192 2671 1385 2753 loquiturss‘l)

431 2778 612 2842 Wissowa
644 2798 771 2862 quoque
796 2780 833 2840 ad
857 2758 972 2840 novam
998 2779 1108 2841 aedem
1131 2778 1273 2840 Vitruvii
1300 2778 1397 2839 verba
1420 2778 1514 2839 refert

337 2907 410 2949 cum
437 2887 558 2963 dicit33)
590 2894 659 2968 post
683 2888 724 2947 49
757 2905 825 2947 eam
850 2887 963 2947 leviter
986 2893 1016 2947 et
1039 2886 1079 2947 ad
1102 2891 1228 2967 tempus
1252 2884 1401 2947 refectam
1430 2903 1512 2960 essc3

338 2995 424 3077 quod
449 2996 475 3056 si
500 3003 617 3056 rectum
648 3002 729 3055 esset
759 3012 862 3075 neque
886 2994 925 3055 de
948 2993 1050 3065 solida
1073 2994 1273 3055 restitutione
1304 2992 1409 3054 statim
1434 2993 1514 3053 facta

336 3102 470 3178 cogitari
494 3108 605 3183 posset,
636 3120 700 3163 non
727 3100 913 3179 dubitarem,
946 3101 1024 3182 quin
1048 3099 1189 3161 Vitruvii
1214 3098 1310 3161 verba
1333 3098 1373 3160 ad
1396 3117 1513 3160 novam

337 3210 436 3271 solam
458 3206 566 3270 aedem
586 3206 750 3269 referenda
769 3213 881 3287 esseut,
905 3227 968 3268 non
989 3208 1029 3268 ad
1049 3206 1107 3268 hcc
1126 3205 1307 3269 aedifimum
1329 3205 1368 3266 ad
1388 3208 1513 3287 tempus

337 3334 432 3398 aegre
465 3317 654 3378 restitutum.
719 3302 831 3396 Neque
864 3333 939 3375 vero
974 3316 1103 3376 omuino
1141 3314 1199 3374 hoc
1237 3312 1399 3394 probabile
1436 3312 1513 3372 mihi

337 3423 479 3499 videtum
511 3441 584 3483 nam
616 3428 717 3484 statua
743 3419 886 3483 Caesaris
916 3422 1124 3502 imperatoris,
1156 3422 1209 3481 cni
1236 3420 1421 3501 inscriptum
1446 3425 1514 3479 erat

339 3531 416 3611 „dec
440 3531 584 3610 invicto‘,
618 3548 680 3590 nou
715 3530 817 3611 potuit
849 3530 881 3589 in
914 3528 969 3589 tali
1000 3527 1140 3590 aedificio
1171 3527 1327 3608 collocari,
1360 3526 1413 3587 sed
1445 3526 1515 3586 sine

339 3637 438 3699 dubio
462 3638 561 3720 posite
586 3637 707 3698 eratin
732 3636 808 3697 aede
832 3637 956 3716 integra
980 3642 1075 3717 atque
1098 3634 1332 3714 magnificentia
1356 3643 1387 3694 et
1410 3631 1513 3713 splen-

340 3744 415 3806 dore
440 3744 599 3821 eminenti
624 3743 748 3825 qualem
774 3743 872 3804 luisse
896 3749 1010 3803 ornatu
1029 3743 1203 3823 spoliorum
1223 3741 1382 3802 hostilium
1403 3736 1513 3800 aedem

339 3850 541 3933 Papirianam
565 3851 638 3912 licet
662 3850 839 3912 coniectare
863 3848 943 3930 (Liv.
968 3848 1001 3910 X
1023 3848 1088 3930 46).

430 3993 473 4051 311
495 3990 534 4043 Ad
555 3993 607 4043 Att.
634 3989 690 4043 XII
708 3991 755 4042 45:
784 4004 845 4041 eum
872 3988 1031 4055 [Caesarem]
1062 3984 1181 4040 σύννιιον
1207 3986 1308 4051 Quirini
1336 3984 1404 4036 malo
1433 3999 1512 4051 quam

340 4062 445 4117 Salutis.
464 4062 534 4115 XIII
552 4061 595 4123 28,
616 4063 643 4115 3:
669 4063 699 4112 tu
716 4060 787 4113 hunc
810 4060 843 4112 de
869 4075 965 4126 pompa
983 4060 1086 4124 Quirini
1110 4056 1325 4112 contubernalem
1351 4056 1392 4108 his
1417 4056 1514 4108 nostris

341 4134 481 4187 moderatis
500 4133 618 4201 epistulis
636 4132 795 4184 laetaturum
814 4130 911 4198 putas?

430 4205 474 4262 321
494 4206 528 4256 ci.
549 4204 655 4257 Becker.
696 4222 718 4269 p.
739 4202 789 4257 572
809 4218 847 4269 sq.

429 4277 474 4341 33)
494 4277 553 4329 Ces,
573 4276 640 4328 Abh.
662 4274 731 4329 1904
751 4275 822 4342 „Der
839 4272 946 4341 Tempel
964 4273 1010 4325 des
1029 4272 1172 4337 Quirinus*
1192 4289 1216 4339 p,
1238 4272 1290 4323 144
1308 4287 1363 4339 sqq.
