3684 5217
822 500 1034 561 „69-

430 677 536 758 Atque
556 678 583 738 si
603 678 793 759 quaerimus,
818 696 882 759 quc
901 677 967 740 fere
985 680 1302 759 temporeAugustus
1321 678 1380 738 hoc
1398 677 1513 756 fecerit

336 785 477 865 primum
501 782 673 845 tenendum
697 792 743 846 est
767 784 825 847 hoc
849 804 911 846 non
936 784 1053 847 factum
1078 802 1146 847 esse
1170 789 1247 864 tum,
1278 803 1352 845 eum
1376 784 1513 845 edictum

335 889 420 952 illud
444 891 482 951 de
505 890 672 953 altitudine
696 890 910 953 aedificiorum
923 893 961 971 16)
991 892 1161 971 constituit,
1192 890 1279 974 quod
1309 899 1393 953 recte
1417 891 1514 972 vulgo

335 998 481 1060 conferre
505 998 606 1060 solent
629 1017 701 1060 cum
726 998 859 1079 vigilum
884 1005 1002 1079 septem
1026 998 1210 1062 cohortibus
1238 1018 1321 1060 anno
1345 1018 1374 1080 p.
1398 996 1468 1059 Chr.
1494 998 1513 1059 6

338 1104 501 1167 institutis,
547 1104 649 1167 Immo
674 1106 872 1167 manifestum
898 1113 946 1166 est
969 1106 1028 1167 hoc
1054 1106 1154 1167 multo
1178 1106 1267 1187 prius
1290 1106 1406 1167 factum
1430 1122 1512 1179 esse3

339 1209 374 1271 id
399 1212 492 1273 etiam
516 1210 665 1291 Voigtius
690 1217 773 1273 recte
798 1211 936 1290 vidtt1⁷);
974 1212 1028 1274 sed
1052 1212 1146 1293 paulo
1170 1212 1320 1274 audacius
1344 1211 1515 1273 affirmavit

333 1336 424 1379 ¹anno
448 1338 475 1399 p.
497 1316 566 1379 Chr.
588 1319 606 1379 6
631 1319 731 1401 legem
755 1318 870 1380 Iuliam
895 1319 933 1381 de
958 1319 1051 1382 modo
1076 1318 1292 1380 aedificiorum
1315 1318 1411 1380 latam
1435 1336 1513 1379 esse,

339 1423 421 1486 Nam
447 1425 547 1507 legem
573 1425 665 1487 talem
688 1425 786 1487 fuisse
810 1444 968 1507 nusquam
993 1425 1179 1507 legimus.1⁸)

430 1534 513 1594 Ante
537 1552 673 1615 pugnam
701 1533 860 1594 Actiacam
883 1533 1065 1615 Augustum
1097 1532 1136 1594 ed
1159 1530 1347 1594 aedificandi
1377 1533 1409 1593 in
1434 1531 1514 1594 urbe

336 1639 494 1701 rationem
518 1640 660 1701 animum
684 1640 856 1702 advertisse
879 1641 985 1702 minus
1004 1647 1051 1702 est
1068 1640 1255 1717 verisimile3
1280 1659 1354 1700 nam
1372 1646 1440 1701 tum
1464 1642 1514 1700 ni·

334 1747 400 1806 mis
424 1754 490 1808 erat
514 1755 684 1827 occupatus
713 1747 748 1807 in
772 1746 867 1809 rebus
890 1748 1030 1809 externis
1053 1745 1285 1809 constituendis
1315 1752 1410 1827 atque
1433 1766 1514 1807 non-

334 1852 428 1914 nulla
451 1858 573 1915 tantum
598 1852 740 1915 aedificia
764 1852 890 1935 publica
912 1854 1073 1915 incohavit
1096 1855 1136 1935 (p.
1158 1854 1198 1915 16
1218 1854 1276 1934 sq).
1323 1851 1410 1927 Quae
1429 1872 1513 1914 anno

330 1958 501 2021 achaeo
525 1962 595 2042 post
618 1959 737 2022 bellurn
761 1980 832 2022 cum
857 1958 930 2023 Sex.
942 1960 1090 2043 Pompeio
1114 1960 1247 2022 feliciter
1270 1969 1393 2042 gestum
1413 1960 1514 2021 edixit

330 2065 549 2147 tutotuto),
572 2066 611 2128 ad
635 2066 796 2148 publicam
815 2066 927 2130 ltaliae
950 2068 1083 2129 salutem
1109 2088 1127 2129 a
1152 2067 1327 2129 latronibus
1347 2066 1512 2128 tutandam

333 2173 545 2254 pertinebant.
597 2172 659 2237 Sed
688 2173 769 2235 bello
799 2192 871 2235 cum
895 2175 1037 2237 Antonio
1069 2193 1218 2256 prospere
1247 2173 1388 2236 confecto
1418 2183 1514 2255 atque

333 2280 434 2341 rebus
471 2282 677 2362 Aegyptiacis
714 2282 833 2362 pacatis
869 2288 1036 2364 postquam
1074 2280 1206 2343 Romam
1245 2299 1392 2343 reversus
1429 2299 1513 2341 anno

329 2407 364 2450 a.
391 2385 460 2448 cnr.
486 2388 527 2449 29
552 2388 768 2468 triumphavit,
798 2395 866 2449 tum
890 2388 929 2449 ad
952 2407 1002 2450 res
1027 2389 1215 2450 domesticas
1245 2407 1318 2450 cum
1342 2388 1421 2449 alias
1444 2394 1512 2448 tum

336 2496 439 2577 ipsius
472 2494 557 2555 urbis
588 2494 780 2555 ordinandas
810 2513 935 2556 summo
966 2494 1072 2557 studio
1102 2496 1289 2578 properavit
1343 2496 1453 2576 Atque
1477 2501 1514 2555 ut

329 2601 392 2682 eis,
426 2602 480 2683 qui
511 2608 541 2663 et
571 2609 644 2663 ante
675 2620 748 2663 eum
772 2608 896 2684 etpost
921 2620 994 2664 eum
1019 2603 1065 2663 rei
1090 2601 1235 2684 publicae
1262 2600 1438 2684 praefuere,
1468 2601 1513 2661 ita

336 2712 495 2790 Augusto,
527 2708 602 2771 dum
633 2708 672 2770 ad
697 2709 919 2790 ¹gubernacula
941 2709 987 2770 rei
1010 2708 1157 2791 publicae
1180 2708 1276 2785 sedet,
1307 2708 1387 2769 nihil
1411 2708 1512 2788 magis

329 2815 426 2877 cordi
463 2815 560 2877 fuisse
599 2816 683 2877 inter
720 2834 829 2877 omnes
866 2823 988 2878 constat
1026 2836 1122 2898 quam
1160 2815 1239 2878 duas
1274 2834 1334 2896 reS,
1373 2816 1512 2897 primum

332 2931 373 2985 -ut
391 2922 553 2985 Romanos
573 2942 591 2985 a
610 2923 675 2984 vita
694 2922 813 2985 caelibe
837 2924 868 2985 et
890 2923 1011 2984 incesta
1035 2922 1206 2985 deterreret
1225 2929 1320 3003 atque
1339 2922 1382 2983 ita
1401 2940 1512 2983 eorum

330 3049 509 3093 mumerum
546 3031 609 3092 iam
646 3038 713 3092 tum
751 3030 982 3093 decrescentem
1020 3035 1157 3110 augeret,
1195 3028 1309 3091 deinde
1345 3034 1382 3091 ut
1414 3030 1511 3091 vitam

328 3156 449 3199 eorum
473 3138 557 3198 intra
580 3138 722 3218 ipsorum
752 3138 887 3219 parietes
910 3156 929 3197 a
952 3137 1054 3198 ruinis
1085 3142 1116 3199 et
1138 3136 1294 3198 incendiis
1324 3135 1512 3198 detenderet.

330 3242 428 3319 Quae
452 3244 534 3306 duae
557 3263 607 3305 res
631 3249 667 3306 ut
685 3262 807 3327 semper
825 3244 1014 3305 coniunctae
1033 3263 1051 3305 a
1070 3242 1278 3325 scriptoribus
1297 3252 1513 3305 memorantur

328 3352 392 3433 (ci.
418 3350 502 3414 Suet.
527 3353 610 3431 Aug.
635 3352 687 3433 89)
718 3352 763 3412 ita
793 3351 902 3413 eodem
933 3357 1073 3433 tempore
1103 3352 1137 3411 in
1168 3352 1213 3413 eis
1244 3358 1415 3432 occupatus
1445 3358 1513 3412 erat

332 3460 515 3541 imperator.
562 3460 663 3540 Atqui
687 3478 769 3521 anno
794 3478 820 3520 a.
845 3456 915 3519 Chr.
940 3458 982 3519 29
1006 3476 1117 3520 censor
1139 3458 1240 3520 factus
1264 3463 1311 3520 est
1334 3458 1510 3538 Augustus,

331 3584 435 3647 penes
465 3583 561 3646 quem
592 3572 622 3627 et
653 3584 776 3627 morum
806 3565 950 3646 regimen
981 3573 1012 3626 et
1039 3563 1255 3627 aedificiorum
1278 3584 1388 3626 curam
1410 3563 1512 3625 luisse

332 3691 430 3734 nemo
461 3672 593 3753 ignorat.
641 3674 748 3753 Atque
778 3672 839 3734 hoc
869 3691 953 3733 anno
983 3672 1086 3753 legem
1110 3671 1224 3733 Iuliam
1257 3669 1511 3732 demaritandis

329 3777 503 3841 ordinibus
533 3785 588 3840 aut
619 3789 831 3860 praeparatam
864 3780 920 3839 aut
950 3779 1045 3839 latam
1071 3797 1139 3840 esse
1162 3779 1342 3856 constat¹⁹t
1387 3775 1511 3839 Eodem

330 3893 442 3948 autem
467 3904 551 3947 anno
571 3892 602 3948 et
620 3886 800 3967 insequenti
820 3885 919 3947 multa
938 3884 1080 3947 aedificia
1096 3889 1263 3966 Augustus
1282 3890 1337 3945 aut
1356 3883 1511 3946 dedicarit

428 4027 471 4091 16)
491 4027 584 4079 Strabo
602 4025 628 4077 V
647 4027 671 4090 3,
691 4027 706 4077 7
727 4042 751 4093 p.
770 4024 830 4078 235.
868 4024 976 4077 Gardth.
996 4024 1049 4077 11.
1069 4024 1113 4077 11²
1131 4042 1155 4092 p.
1176 4024 1252 4078 565⁸.

429 4099 471 4162 17)
491 4098 566 4150 Rbrn.
586 4096 776 4149 Privatalterl.²
794 4114 819 4164 p.
839 4096 899 4149 453.

429 4169 471 4237 18)
491 4169 532 4221 Ex
546 4167 681 4222 Strabonis
695 4167 782 4220 verbis
802 4171 828 4220 et
841 4167 959 4220 Suetonii
977 4166 1034 4219 loco
1052 4182 1132 4234 supra
1150 4165 1255 4219 laudato
1274 4168 1352 4235 (Aug.
1366 4165 1410 4234 89)
1430 4166 1510 4219 nimis

328 4239 432 4292 leviter
451 4240 499 4293 hoc
518 4238 631 4306 colligas.
669 4238 792 4293 Ceterum
813 4238 847 4293 cf.
867 4255 891 4305 p.
912 4238 954 4292 66.
974 4255 1001 4291 n.
1021 4240 1045 4293 7.

428 4311 471 4375 19)
491 4312 647 4365 Mommsen.
685 4310 756 4365 s.-B.
777 4310 823 4363 der
841 4309 912 4363 Berl.
932 4310 1014 4367 Akad,
1036 4308 1104 4363 1889
1124 4326 1149 4377 p.
1169 4310 1210 4362 33.
