3684 5217
830 506 1042 567 ..60-

349 704 420 747 uuu
438 704 512 747 eum
531 689 623 747 antea
642 684 788 747 laudasse
809 687 1046 747 venustatem
1067 684 1170 767 operis
1186 683 1394 765 reticulati(p.
1406 683 1525 761 daeo)

348 798 444 872 atque
476 791 514 853 de
538 809 575 853 eo
599 792 756 874 imprimis
780 790 996 873 cogitabimus.
1041 788 1103 853 Sed
1133 809 1207 853 oum
1235 795 1359 873 pergat·
1374 790 1528 872 „itaque

349 917 422 959 cum
452 897 561 961 arbitri
592 898 808 961 communium
840 898 1013 980 parietum*
1036 916 1062 961 e.
1088 918 1116 980 q.
1140 916 1163 961 s.
1194 897 1265 959 iure
1296 894 1527 959 concludemus

348 1004 448 1067 fuisse
471 1004 526 1067 illo
550 1010 690 1087 tempore
720 1004 803 1066 haud
832 1023 951 1086 paucas
974 1022 1158 1067 communes
1180 1006 1315 1087 parietes
1338 1022 1355 1067 e
1380 1022 1528 1065 caemen-

349 1111 423 1175 ticia
446 1116 605 1175 structura
629 1113 680 1191 (sc.
702 1130 796 1193 opere
815 1112 992 1190 reticulato)
1015 1111 1114 1174 factos
1137 1109 1269 1190 Romae3
1293 1110 1371 1192 quin
1396 1092 1529 1192 apparet

348 1219 410 1279 iam
435 1237 492 1299 per
515 1218 644 1301 aliquod
668 1226 792 1301 tempus
816 1237 870 1281 eos
893 1219 927 1279 in
952 1236 1014 1281 usu
1032 1218 1139 1299 fnisse,
1163 1236 1235 1279 cum
1257 1216 1425 1279 Vitruvius
1450 1217 1531 1279 haec
1610 1264 1620 1281 .

349 1324 487 1407 scripsit3
523 1345 596 1387 nam
630 1328 750 1408 experti
784 1326 845 1387 iam
879 1332 970 1388 erant
1002 1332 1069 1387 tum
1094 1322 1239 1402 Romani,
1272 1338 1366 1405 quam
1400 1324 1530 1386 ruinosi

348 1432 459 1494 tierent
482 1432 527 1494 illi
551 1433 686 1515 parietes
710 1437 868 1495 vetustate
892 1433 966 1493 tacti
991 1432 1037 1511 (cl.
1048 1452 1076 1514 p.
1087 1432 1140 1508 46,
1151 1431 1192 1494 20
1203 1433 1251 1512 sq)
1274 1430 1403 1493 Novum
1426 1429 1532 1512 igitur

348 1537 377 1601 h.
401 1538 420 1600 l.
445 1540 661 1603 testimonium
686 1539 837 1601 hebemus
861 1538 907 1619 (cf.
923 1540 1066 1621 p.5lsql
1092 1537 1263 1600 Vitruvii
1287 1536 1530 1619 temporibus

349 1648 620 1709 caementicios
644 1647 809 1729 parietes
834 1646 870 1707 in
896 1665 966 1708 usu
989 1646 1111 1707 fuisse
1129 1643 1266 1707 Romae
1285 1649 1388 1726 atque,
1412 1644 1440 1706 si
1460 1663 1530 1706 me·

350 1754 537 1815 minerimus
569 1772 613 1833 ea,
647 1771 729 1835 quae
758 1771 854 1833 supra
884 1753 1101 1835 exposuimus,
1135 1753 1196 1813 iam
1228 1751 1387 1813 affirmare
1417 1750 1531 1814 licebit

349 1859 460 1921 aedes
491 1861 659 1943 privatas
689 1860 757 1921 illo
782 1866 952 1941 tempore
975 1860 1161 1941 imprimis
1185 1878 1202 1921 a
1225 1859 1436 1921 caenrentis
1461 1876 1531 1920 ex·

349 1972 515 2029 structas
546 1968 673 2029 fuisse.
723 1965 869 2030 Ceterum
894 1966 922 2027 h.
949 1967 966 2030 l.
990 1974 1113 2028 tantum
1145 1966 1184 2029 de
1215 1965 1363 2028 domibus
1392 1966 1530 2047 privatis

350 2074 481 2155 cogitari
505 2072 605 2153 debet,
629 2092 692 2147 non
717 2074 756 2135 de
779 2074 902 2151 insulis,
927 2082 963 2135 ut
986 2079 1092 2155 postea
1117 2073 1300 2136 videbimus.

439 2196 487 2259 De
517 2216 552 2259 re
582 2204 688 2259 autem
718 2198 794 2280 ipsa,
826 2217 920 2279 quam
947 2197 1116 2260 Vitruvius
1140 2205 1260 2280 spectat
1284 2199 1302 2278 ξ
1327 2199 1355 2269 8,
1382 2198 1411 2259 b.
1436 2217 1462 2259 e,
1487 2199 1532 2261 de

350 2304 509 2367 arbitrio
534 2306 785 2367 communium
811 2306 1014 2386 parietum,
1039 2324 1135 2386 quam
1159 2307 1216 2367 etsi
1241 2306 1321 2367 iuris
1349 2304 1451 2367 civilis
1475 2313 1529 2367 est

350 2430 413 2473 non
437 2430 543 2493 supra,
577 2409 631 2473 ubi
657 2410 695 2473 de
718 2430 755 2474 eo
779 2411 919 2493 agebama
951 2413 1006 2474 sed
1031 2411 1059 2475 h.
1084 2413 1103 2474 l.
1128 2413 1286 2495 explicare
1312 2412 1418 2490 malui,
1448 2412 1533 2494 quia

349 2536 420 2581 eum
455 2524 519 2581 toto
552 2538 657 2582 rerum
690 2538 814 2582 conexu
848 2524 913 2581 arte
951 2522 1119 2581 coniuncta
1157 2527 1212 2600 est,
1250 2521 1340 2581 docte
1374 2518 1533 2581 disseruit

350 2624 559 2706 Kartowapru
579 2628 634 2708 qui
654 2632 776 2689 textum
798 2648 815 2689 a
834 2625 931 2688 Rosio
955 2633 1116 2709 receptum
1142 2636 1190 2705 „et
1214 2628 1256 2688 ita
1280 2646 1317 2688 ea
1341 2624 1533 2706 (,ex‘codd.l

350 2733 473 2816 reliqua
504 2753 626 2795 summa
659 2740 750 2816 pacta
783 2735 898 2816 (parte‘
922 2733 1024 2813 codd.)
1057 2733 1148 2795 reddi
1180 2752 1236 2815 pro
1270 2735 1318 2795 bis
1350 2732 1533 2816 parietibus

350 2840 556 2904 sententiani*
589 2842 632 2902 ita
666 2842 879 2913 eommutavit,
915 2846 949 2902 ut
981 2838 1132 2903 scriberet
1173 2851 1220 2920 „et
1252 2841 1295 2902 ita
1328 2858 1369 2901 ex
1401 2838 1532 2921 reliqua

350 2964 475 3008 summa
499 2954 617 3029 partem
643 2946 730 3009 reddi
755 2966 810 3030 pro
837 2948 883 3009 liis
908 2947 1080 3029 parietibus
1104 2949 1277 3009 sententiar
1303 2966 1327 3010 e.
1339 2968 1368 3029 q.
1379 2966 1417 3022 s.;
1442 2965 1533 3027 quae

350 3053 528 3116 emendatio
549 3055 624 3115 mihi
639 3057 764 3137 egregia
781 3054 905 3117 videtur
921 3073 988 3117 esse
1004 3065 1034 3116 et
1049 3056 1166 3137 optime
1181 3074 1253 3117 eum
1268 3056 1348 3117 iuris
1363 3055 1529 3131 civilis¹⁹⁶)

351 3165 417 3222 tum
441 3163 720 3240 grammaticorum
751 3163 925 3243 praeceptis
956 3162 1133 3223 convenire.
1179 3160 1408 3243 interpretatur
1438 3160 1527 3223 enim

349 3269 405 3329 ita:
431 3265 540 3329 Duroh
564 3265 620 3328 das
645 3266 756 3344 Urteil,
781 3267 841 3329 dess
868 3287 929 3329 von
954 3269 1009 3330 der
1031 3267 1233 3331 Restsumme
1257 3270 1308 3330 ein
1332 3268 1398 3329 Teil
1426 3268 1527 3347 (naint-

348 3373 413 3437 lich
443 3374 499 3435 der
529 3374 637 3437 Anteil
669 3372 724 3436 des
755 3375 893 3437 anderen
926 3375 1197 3455 Miteigenttimers
1229 3375 1286 3437 der
1312 3372 1442 3454 Wlinde)
1472 3373 1529 3435 fiir

351 3481 437 3543 diese
461 3480 585 3543 Wdude
608 3481 748 3563 gegeben
775 3482 887 3561 werde,
918 3482 1070 3564 sprecben
1099 3482 1145 3543 sie
1169 3482 1339 3564 (implicite)
1363 3501 1429 3561 aus,
1461 3480 1525 3543 dass

441 3657 501 3723 195)
522 3656 566 3709 l.l.
582 3655 609 3709 ΙΙ
628 3674 653 3725 p.
668 3654 718 3710 521
740 3674 764 3709 u.
785 3658 814 3722 33
833 3659 912 3725 atque
931 3655 976 3709 ille
994 3656 1100 3725 quidem
1118 3654 1196 3720 solus,
1216 3659 1342 3724 quantum
1362 3658 1424 3720 seio,
1444 3658 1526 3711 inter·

351 3745 410 3797 pres
429 3727 480 3781 loci
499 3728 608 3782 exstitit.

440 3818 502 3885 196)
523 3818 559 3871 Ut
573 3816 668 3870 melius
682 3816 828 3885 intellegas,
848 3816 1000 3885 exemplum
1021 3816 1067 3869 tibi
1087 3833 1212 3885 propono:
1234 3821 1286 3871 stat
1304 3819 1389 3885 paries
1408 3817 1435 3871 in
1454 3818 1526 3872 loea-

349 3889 463 3941 tionibus
484 3889 583 3948 DCCC:
612 3888 702 3957 viginti
726 3888 801 3941 annis
829 3894 969 3956 postquam
992 3894 1110 3942 structus
1135 3898 1183 3950 est
1212 3904 1281 3941 uuus
1306 3906 1321 3942 e
1346 3890 1438 3941 vicinis
1463 3906 1526 3942 eum

350 3960 490 4013 demolitur
504 3960 546 4013 vel
561 3960 611 4015 alio
626 3961 702 4013 modo
717 3961 838 4013 ruinosus
856 3961 895 4013 lit.
932 3960 996 4012 Tum
1012 3961 1079 4013 alter
1091 3961 1200 4013 ricinus.
1221 3961 1266 4027 qui
1284 3960 1333 4013 hae
1352 3978 1380 4014 re
1399 3961 1527 4013 iacturam

349 4031 414 4084 facit
432 4034 511 4101 atque
530 4034 658 4085 actionem
678 4031 766 4085 damni
787 4032 875 4083 inlecti
895 4032 1010 4085 instituit
1028 4032 1056 4099 (l.
1071 4031 1096 4084 2.
1112 4032 1143 4085 D.
1160 4031 1286 4085 XXXIX
1304 4035 1323 4084 t.
1339 4034 1380 4085 3i.
1400 4034 1445 4097 39]
1465 4049 1526 4099 prs·

350 4101 416 4153 tium
442 4105 561 4172 accipere
585 4104 670 4171 debet,
699 4106 778 4171 atque
801 4102 890 4156 arbitri
909 4119 926 4155 a
944 4109 998 4155 tota
1021 4118 1126 4155 summa
1150 4102 1250 4169 (DCCC
1271 4104 1297 4155 H
1315 4103 1343 4171 S)
1372 4105 1527 4170 „deducunt

350 4173 432 4239 pretio
457 4176 657 4241 praeteritorum
682 4173 846 4243 singulorum
871 4190 999 4227 annorum
1024 4176 1230 4241 octogensimus·
1250 4175 1275 4227 h.
1296 4190 1318 4225 e.
1344 4176 1377 4229 10
1395 4184 1418 4228 Χ
1436 4174 1471 4230 20
1490 4200 1526 4219 =

350 4242 393 4367 (lle
412 4245 481 4369 {er
502 4258 530 4369 apt
550 4252 649 4300 restent
668 4246 714 4301 DC
733 4246 802 4311 Hm
821 4256 899 4313 atque
919 4262 1009 4298 eorum
1028 4255 1130 4312 partem
1150 4276 1182 4285 -
1202 4245 1340 4298 dimidium
1359 4247 1469 4299 fortasse
1488 4276 1524 4286 -

351 4332 358 4367 1
380 4333 387 4367 1
407 4332 421 4367 r
472 4334 528 4371 un.
