3684 5217
821 462 1032 523 ..20-

338 639 430 701 vium
454 644 540 701 ante
564 658 698 701 annum
725 639 764 700 31
795 638 908 701 verba
936 639 1004 701 illa
1033 639 1076 701 de
1100 637 1249 702 Cereris
1278 639 1369 702 aede
1393 637 1520 723 sc'rip-

339 746 438 809 sisse
467 747 642 826 statuimus,
673 764 744 808 cum
777 746 940 808 etiamtum
970 746 1024 808 illa
1046 745 1165 808 Romae
1189 750 1335 809 exstaret.
1381 744 1430 809 Ne
1454 748 1519 809 hoc

339 852 470 934 quidem
493 852 720 935 neglegendum
746 870 813 915 esse
837 852 981 931 arbitror,
1005 852 1090 934 quod
1115 860 1238 915 constat
1257 855 1403 935 Augusto
1422 872 1512 917 sena·

340 965 392 1022 tus
416 960 539 1022 decreto
563 978 646 1021 anno
670 979 696 1021 a.
717 958 787 1022 Chr.
807 959 850 1021 28
869 959 986 1042 templa
1004 957 1173 1021 reficienda
1192 959 1295 1021 delata
1316 958 1412 1040 (Mon.
1433 962 1519 1024 Anc..

338 1085 367 1151 p.
393 1066 434 1129 86
460 1065 503 1145 Μ)
527 1070 557 1128 et
581 1063 701 1129 Cereris
724 1066 834 1129 aedem
859 1085 942 1127 anno
967 1065 1092 1128 demum
1120 1085 1149 1148 p.
1174 1063 1243 1128 Chr.
1271 1066 1309 1129 17
1335 1066 1512 1130 dedicatam

338 1190 417 1253 esse,
448 1173 533 1235 unde
563 1173 671 1255 aliqua
702 1191 774 1235 oum
805 1171 1024 1256 probabilitate
1053 1173 1202 1254 colligere
1225 1172 1371 1235 videmur
1400 1174 1516 1237 aedem.

340 1298 402 1343 non
426 1280 522 1363 paulo
547 1286 617 1363 post
641 1280 691 1361 28,
716 1280 770 1343 sed
798 1280 949 1343 extremis
973 1280 1110 1361 Augusti
1135 1281 1227 1342 annis
1254 1278 1340 1341 refici
1368 1289 1516 1364 coeptam

338 1405 417 1465 esse,
441 1393 476 1450 ut
498 1387 557 1449 vix
580 1387 749 1469 quisquam
774 1385 908 1469 probare
927 1388 1026 1468 possit
1044 1404 1113 1448 eam
1138 1405 1222 1448 anno
1245 1406 1271 1448 a.
1292 1384 1362 1450 Chr.
1385 1388 1425 1449 14
1448 1388 1517 1450 iam.

337 1494 484 1559 reiectam
508 1492 613 1557 luisse.

426 1617 549 1683 Deinde
579 1619 664 1700 quod
696 1617 862 1681 Vitruvius
891 1637 920 1700 p.
950 1618 1001 1696 69,
1035 1618 1084 1698 19,
1114 1623 1149 1680 nt
1177 1618 1325 1700 peripterl
1356 1619 1515 1681 rationem

337 1726 484 1807 exemplo
508 1724 651 1789 Romano
679 1725 825 1804 illustret,
855 1724 965 1787 aedem
996 1725 1035 1786 in
1066 1725 1217 1806 porticu
1251 1723 1393 1787 Metelli
1423 1724 1515 1787 Iovis-

337 1830 470 1896 Statoris
502 1830 692 1895 Hermodori
730 1837 966 1911 commemorat,
1002 1832 1077 1894 inde
1114 1832 1248 1893 alterum
1286 1832 1503 1913 gravissimum

337 1944 560 2021 argumentum
581 1939 650 2020 capi
670 1957 761 2021 posse
781 1938 916 2001 arbitror
936 1939 973 2001 ad
994 1944 1127 2021 tempus,
1146 1957 1210 2020 quo
1230 1938 1267 2000 de
1286 1956 1323 2000 ea
1341 1938 1515 2020 scripserit,
1545 1950 1549 1957 ’

338 2044 562 2109 definiendum.
615 2044 741 2107 Etenim
773 2065 830 2128 pro
862 2051 947 2109 certo
978 2044 1133 2108 babemus
1165 2046 1200 2107 in
1232 2045 1336 2107 locum
1369 2046 1518 2127 porticus

337 2151 454 2216 Metelli
484 2159 591 2235 postea
618 2153 773 2234 porticum
800 2150 950 2215 Octaviae
978 2152 1183 2214 substitutam
1212 2170 1316 2233 neque
1339 2152 1428 2233 prins
1452 2152 1518 2215 lroo·

335 2260 452 2323 factum
482 2278 550 2323 esse
579 2278 672 2341 quam
702 2278 786 2325 anno
811 2279 837 2321 a.
863 2258 933 2322 Chr.
958 2260 1032 2339 33⁶)
1060 2265 1130 2341 post
1152 2258 1270 2320 bellum
1295 2257 1509 2321 Dalmaticum

335 2366 520 2431 coniectum.
565 2367 665 2448 Atqui
687 2385 760 2429 oum
780 2365 949 2428 Vitruvius
973 2366 1032 2429 hoo
1050 2365 1208 2445 scriberet,
1231 2366 1370 2447 porticus
1388 2364 1514 2428 Metelli

335 2474 497 2537 etiamtum
521 2471 639 2535 Romae
668 2473 812 2536 exstabat
841 2473 977 2535 necdum
1005 2474 1147 2555 porticus
1171 2469 1318 2535 Octaviae
1349 2474 1417 2536 eins
1440 2474 1518 2535 loco

335 2581 506 2644 constituta
525 2586 600 2660 erat,
614 2600 709 2663 quam
731 2580 769 2643 ab
789 2582 857 2663 ipso
873 2582 1020 2663 Angusto
1035 2579 1229 2643 aedificatam
1247 2579 1341 2659 (Suet.
1357 2580 1438 2663 Aug.
1455 2582 1518 2661 29)·

336 2687 504 2751 Vitruvius
524 2706 586 2749 non
606 2688 731 2749 silentio
751 2689 960 2769 praeterisset,
979 2688 1006 2749 si
1026 2706 1094 2749 eam
1109 2687 1266 2765 novisset3
1282 2687 1367 2750 unde
1380 2693 1508 2770 apparet

335 2798 453 2878 scripta
471 2812 539 2857 esse
558 2796 635 2857 haec
654 2800 726 2857 ante
745 2813 772 2857 a.
794 2796 843 2857 33.
882 2792 943 2856 Sed
964 2794 1136 2874 videamus,
1156 2795 1315 2876 quomodo
1335 2795 1395 2857 viri
1415 2794 1516 2875 docti,

336 2904 393 2985 qui
417 2902 602 2965 Vitruvium
633 2919 716 2963 anno
743 2902 783 2963 14
814 2902 976 2984 scripsisse
998 2908 1120 2985 putant,
1151 2901 1346 2983 tergiversati
1370 2903 1441 2980 sint,
1473 2909 1509 2964 nt

333 3008 476 3072 Vitruvii
499 3008 595 3071 verba
619 3027 690 3070 oum
715 3006 829 3071 Dionis
853 3010 1033 3071 testimonio
1058 3010 1292 3088 coniungerent.

426 3133 613 3197 Beckerus
646 3132 842 3196 Saobsium
874 3134 1117 3215 impugnans,
1156 3130 1211 3212 qui
1244 3129 1352 3191 eadem
1386 3147 1426 3189 ex
1459 3132 1515 3191 eis-

332 3241 489 3305 conclusit
517 3247 612 3323 atque
647 3259 705 3302 nos
740 3241 788 3314 (of.
817 3260 845 3323 p.
876 3241 917 3320 u),
952 3241 984 3300 in
1016 3256 1053 3300 eo
1083 3235 1268 3319 acquiescit,
1303 3237 1338 3294 ut
1368 3230 1510 3295 Dionem.

335 3366 457 3412 errasse
487 3352 611 3411 statuat.
625 3348 646 3425 ⁶)
697 3348 806 3428 Atque
836 3345 948 3409 eodem
978 3345 1114 3428 pertinet
1141 3340 1312 3403 Richteri
1339 3339 1513 3419 sententia,

332 3475 406 3519 cum
442 3455 519 3516 dicit
532 3456 553 3534 7)
592 3454 755 3535 aliquanto
789 3459 861 3535 post
892 3454 933 3514 33
970 3451 1125 3533 porticum
1160 3453 1385 3511 commutatam
1416 3465 1503 3523 esse;

332 3563 450 3626 etenim
470 3561 529 3624 hoc
547 3581 611 3624 non
632 3568 704 3623 ante
727 3563 766 3621 14
784 3559 852 3623 fieri
877 3558 980 3641 potuit
1002 3555 1179 3618 secundum
1203 3556 1273 3618 eius
1296 3556 1335 3620 de
1354 3554 1513 3620 Vitruvio-

332 3670 530 3753 opinionem3
561 3686 667 3750 neque
696 3685 771 3729 vero
803 3666 900 3729 ullam
925 3662 1077 3725 habemus
1111 3681 1248 3744 cansam,
1278 3682 1336 3727 our
1358 3660 1513 3742 Dionem,

331 3777 449 3858 quippe
480 3776 535 3857 qni
566 3781 629 3837 tam
659 3777 803 3836 accurate
833 3770 1090 3834 commutationis
1120 3790 1249 3835 oausam
1273 3772 1360 3850 sciat,
1389 3770 1509 3852 viginti.

331 3884 425 3945 anuis
458 3883 612 3945 erravisse
645 3880 841 3943 arbitremur.
897 3876 1000 3941 Multo
1033 3898 1108 3942 vero
1139 3880 1244 3941 minus
1277 3875 1312 3941 Ο.
1338 3875 1503 3939 Gilberti

420 4056 447 4124 5]
467 4056 516 4109 Dio
535 4056 578 4125 49,
597 4057 641 4123 43,
660 4055 689 4109 8:
722 4047 846 4120 ἔπειδὴτε
867 4057 893 4107 οἱ
912 4049 1057 4126 Δελμάται
1081 4057 1221 4113 παντελῶς
1243 4056 1430 4123 έκεχείρωντο,
1454 4044 1504 4111 τάς

329 4144 358 4179 τε
385 4121 467 4187 στοὰς
495 4123 552 4181 ἀπὸ
578 4132 633 4180 τῶν
656 4122 791 4196 λαφύρων
814 4119 904 4178 αὐτῶν
928 4130 974 4179 καὶ
997 4128 1046 4187 τὰς
1064 4118 1213 4191 ἀποθήκας
1238 4128 1294 4177 τῶν
1316 4126 1430 4191 βιβλίων
1454 4115 1507 4181 τὰς.

327 4190 529 4258 Ὀκταουιανςὶς
548 4201 594 4252 ἐπὶ
613 4202 660 4265 τῆς
679 4191 800 4266 ἀδελφῆς
819 4190 905 4262 αὐτοῦ
924 4201 1074 4262 κληθείσας
1092 4190 1303 4249 κατεσκεύασεν.

419 4268 445 4336 e)
465 4268 481 4325 l.
501 4268 519 4322 1.
538 4286 563 4337 p.
584 4268 633 4323 eu
654 4286 680 4323 n.
700 4267 778 4322 raee.
799 4299 832 4308 -
853 4270 879 4339 a)
898 4268 915 4322 t.
935 4268 952 4322 ι.
972 4286 997 4338 p.
1016 4267 1077 4322 ara.
